1935 3094
103 207 154 235 589
536 208 627 242 Vl'I‘A.
646 209 810 238 AUCTORE
826 208 989 238 SYMEONE
1006 209 1270 240 METAPHRASTE.
1667 213 1719 242 590

116 283 1712 304 -—_——___—_______W

245 363 699 431 ΣΥΜΕΩΝοΣ
737 364 909 432 ΤΟΥ
945 365 1567 436 ΜΕΤΑΦΡΑΣΤΟΥ

533 485 712 544 ΒΙΟΣ
740 487 878 542 ΚΑΙ
906 485 1280 545 ΠΟΛΙΤΕΙΑ

323 597 437 640 ΤΟΥ
470 597 544 640 ΕΝ
565 594 746 640 ΑΓΙΟΙΣ
769 597 984 641 ΠΑΤΡΟΣ
1006 599 1171 642 ΗΜΩΝ
1193 597 1494 646 ΔΙΟΝΥΣΙΟΥ

542 687 741 715 ΕΠΙΣΚΟΠΟΥ
756 688 907 721 ΑΘΗΝΩΝ,
923 690 993 716 ΤΟΥ
1007 690 1266 720 ΛΡΕΙΟΠΑΓῙΤΟΥ.

378 839 698 905 SYMEON
703 842 774 907 IS
847 842 1454 910 METAPHRASTZE

530 957 688 1013 VITA
715 960 801 1013 ET
829 959 1283 1015 CONVERSATIO

417 1069 624 1115 SANCTI
664 1070 942 1117 DIONYSII
978 1071 1376 1119 AREOPAGITIE

698 1164 853 1194 EPISCOPl
871 1165 1111 1200 ATHENIENSIS,

91 1243 217 1276 Incerto
231 1242 417 1284 interprete,
443 1251 654 1295 r‘ursus‘cum‘
664 1245 773 1295 Graiae?
795 1244 1257 1295 e-xernplaridcollataManPetro
1274 1248 1450 1295 Lgnsselio.
1468 1252 1713 1295 Gravelingano,

456 1285 526 1316 Soc.
541 1285 620 1316 Jesu
638 1284 838 1324 presbytero,
855 1284 912 1323 qui
929 1285 1051 1324 primus
1068 1293 1137 1316 eam
1151 1286 1256 1317 Graece
1272 1287 1385 1320 edidit.

144 1411 346 1441 ΜΛΡΤΥΡΙΟΝ
358 1413 426 1440 ΤΟΥ
444 1413 546 1440 ΔΓΙΟΥ
566 1412 749 1440 ΔΙΟΝΥΣΙΟΥ
768 1414 837 1440 ΤΟΥ
893 1419 912 1447 Α

985 1413 1195 1442 MARTYRIUM
1224 1413 1347 1443 SANCTI
1377 1414 1525 1444 DlONYSll
1551 1417 1659 1447 AREO—

345 1458 491 1485 ΔΡΕΙΟΠΑ
496 1458 609 1485 ΓΙΤΟΥ.

322 1506 411 1539 Κύριε
422 1525 429 1538 ,
457 1505 635 1540 εὐλόγησαν.

124 1551 212 1578 Πάλαι
230 1551 279 1587 μὲν
293 1551 323 1577 ἐν
333 1550 428 1582 τύποις
440 1548 474 1586 ἦν
486 1550 519 1576 τὰ
534 1551 585 1586 τῆς
601 1551 719 1583 πίστεως
732 1552 778 1578 καὶ
791 1552 880 1586 αἰνίγ-

84 1605 171 1633 μασι,
184 1597 232 1624 καὶ
244 1597 275 1623 τδ
284 1597 334 1632 τῆς
346 1596 473 1633 ἀληθείας
486 1596 586 1631 φέγγος
599 1596 638 1632 τῷ
651 1597 700 1633 τῆς
717 1599 794 1630 σκιᾶς
803 1599 879 1633 νέφει

83 1643 322 1670 συνεκαλύπτετο.
342 1643 419 1669 Ἐπεὶ
436 1643 465 1669 δὲ
480 1642 511 1668 τὸ
529 1643 600 1678 μέγα
619 1643 669 1678 τῆς
691 1643 770 1678 ἡμῶν
793 1652 879 1680 σωτη-

83 1690 151 1726 ρίας
161 1689 373 1725 ὲπραγματεὺθη
388 1689 547 1725 μυστήριον,
557 1689 604 1716 καὶ
615 1691 629 1716 ὁ
641 1689 745 1722 πλάσας
759 1691 880 1726 καταμό-

80 1745 135 1768 νας
159 1735 210 1767 τὰς
231 1735 346 1770 καρδίας
366 1735 445 1771 ὴμῶν
470 1735 509 1771 τῷ
527 1736 577 1771 τῆς
596 1735 699 1767 οἰκείας
721 1736 784 1772 περὶ
805 1738 879 1772 ἡμᾶς

79 1782 173 1818 οἴκτῳ
186 1782 369 1818 χρηστότητος
387 1782 586 1818 ἀναμαρτήτως
601 1782 712 1816 γέγονεν
728 1783 765 1814 ὡς
780 1784 859 1818 ἡμεῖς
869 1792 876 1799 ·

79 1829 174 1856 τᾶλλα
191 1837 221 1855 τε
243 1828 371 1863 ὑπῆλθεν,
386 1828 436 1855 ὅσα
454 1829 503 1864 τῆς
519 1828 693 1864 ἀνθρωπίνης
711 1829 784 1855 ἐστὶν
797 1828 877 1855 ἀσθε-

77 1874 177 1908 νείας,
196 1874 229 1901 ἶν’
243 1873 299 1908 ἐγὼ
313 1874 363 1910 τὴν
380 1874 492 1910 πρώτην
515 1875 644 1901 ἀπολάϐω
665 1876 812 1910 εὐγένειαν·
830 1877 877 1903 καὶ

77 1919 164 1952 τέλος
179 1920 225 1946 τὸν
236 1920 279 1947 διὰ
292 1920 407 1956 σταυροῦ
422 1920 537 1947 θάνατον
548 1921 755 1957 κατακρίνεται·
775 1923 823 1949 καὶ
834 1922 876 1949 ἵνα

79 1965 123 2002 μὴ
133 1965 171 1992 τὰ
186 1966 247 1993 καθ’
262 1965 375 1993 ἕκαστον
386 1966 467 2001 λέγω,
482 1967 577 2001 (πολλὰ
587 1966 641 2003 γὰρ
651 1967 685 1994 τὰ
697 1968 727 1994 ὲν
740 1968 815 2004 μέσῳ
827 1968 877 2004 τῆς

75 2012 246 2047 οἰκονομίας
259 2012 344 2039 αὑτοῦ
358 2013 523 2049 μυστήρια·)
539 2013 625 2049 πέρας
638 2013 673 2040 τὰ
688 2014 737 2049 τῆς
754 2020 876 2050 σωματι-

76 2057 138 2092 κῆς
154 2056 283 2092 ἐνδημίας
292 2058 413 2093 δέχεται·
429 2058 464 2085 τὰ
476 2058 504 2085 δὲ
516 2058 563 2086 τοῦ
578 2059 732 2095 πνεύματος
746 2060 858 2095 ἄρχεται
867 2069 873 2075 ·

1234 1461 1382 1489 ΡΑϐῐΤᾹΞ.

1178 1506 1299 1542 Domine,
1319 1507 1432 1535 benedic.

964 1551 1036 1580 Olim
1060 1553 1169 1587 quidem
1189 1553 1255 1581 lides
1276 1554 1328 1580 sita
1346 1558 1405 1581 eral.
1429 1553 1458 1580 in
1481 1554 1586 1589 ﬁguris,
1601 1560 1628 1582 et
1647 1557 1715 1584 aani-

931 1598 1083 1634 gmatibus,
1105 1603 1133 1625 et
1154 1600 1226 1626 nube
1241 1599 1344 1626 umbrae
1360 1603 1432 1626 tecta
1444 1604 1503 1626 erat
1519 1599 1566 1627 lux
1578 1601 1712 1630 veritatis.

930 1643 1078 1678 Postquam
1094 1648 1185 1670 autem
1200 1647 1303 1670 nostra:
1323 1644 1420 1672 salutis
1432 1651 1560 1679 magnum
1573 1652 1717 1681 peractum

930 1689 981 1717 fuit
996 1689 1168 1724 mysterium,
1183 1692 1211 1716 et
1225 1689 1272 1724 qui
1289 1689 1366 1716 ﬁnxit
1389 1689 1548 1725 singulatim
1562 1691 1645 1719 corda
1660 1701 1713 1720 no-

930 1740 997 1767 stra,
1018 1743 1074 1762 suae
1098 1735 1277 1771 benignitatis
1299 1735 1326 1762 in
1348 1743 1400 1763 nos
1419 1736 1620 1770 misericordia,
1641 1739 1714 1766 citra

930 1785 1072 1817 peccatum
1085 1785 1168 1809 natus
1185 1785 1228 1809 est
1243 1782 1315 1808 sicut
1332 1789 1382 1809 nos
1399 1791 1406 1809 :
1423 1786 1450 1810 et
1469 1783 1524 1810 alia
1535 1784 1631 1816 subiit,
1652 1792 1714 1820 qua

930 1830 994 1854 sunt
1010 1826 1137 1854 humanae
1152 1826 1357 1858 imbecillitatis,
1375 1831 1404 1854 ut
1420 1835 1470 1862 ego
1482 1829 1596 1863 primam
1609 1830 1714 1865 recipe-

928 1881 986 1901 rem
1007 1873 1196 1905 nobilitatem;
1223 1876 1251 1899 et
1269 1877 1409 1907 postremo
1436 1874 1635 1902 condemnatus
1661 1875 1717 1903 fuit

929 1924 1016 1948 morte
1040 1920 1131 1947 crucis
1148 1928 1154 1946 :
1170 1922 1198 1946 et
1226 1926 1261 1946 ne
1285 1919 1376 1946 dicam
1402 1920 1510 1956 singula
1531 1922 1608 1956 (sunt
1638 1923 1712 1951 enim

927 1966 1013 1993 multa
1020 1964 1181 1993 intermedia
1190 1965 1350 1992 oeconomia
1358 1966 1451 1994 carnis
1465 1972 1600 2002 suscepta:
1610 1973 1713 2004 myste~

928 2011 980 2046 ria)
1003 2011 1084 2039 ﬁnem
1110 2012 1215 2046 accepit
1244 2018 1375 2046 corporea
1391 2013 1587 2047 conversatio;
1613 2014 1712 2050 ineipit

928 2060 1017 2084 autem
1033 2056 1183 2092 spiritualis
1195 2066 1203 2090 ;
1219 2061 1246 2083 et
1258 2057 1286 2083 in
1298 2057 1397 2085 caelum
1409 2059 1532 2086 ascendit
1541 2067 1618 2087 meus
1630 2060 1712 2088 Chri-

77 2103 132 2129 καὶ
151 2104 192 2134 είς
203 2104 332 2139 οὐρανοὺς
341 2106 355 2131 ὁ
367 2105 433 2140 ὲμδς
443 2106 559 2141 Χριστὸς
567 2106 740 2142 ἁναφέρεταν
749 2108 797 2134 καὶ
807 2107 876 2143 πρὸς
891 2100 912 2128 Β

927 2108 999 2136 stus,
1014 2107 1040 2131 et
1056 2103 1091 2130 ad
1106 2103 1199 2131 sedem
1217 2106 1359 2138 paternam
1375 2104 1541 2139 revertitur;
1557 2109 1595 2139 et,
1614 2106 1662 2141 qui
1677 2114 1712 2134 ex

75 2149 128 2176 τὸν
144 2151 276 2186 πατρικὸν
291 2151 412 2178 ἐπάνεισι
422 2152 526 2188 θρόνον·
543 2152 590 2179 καὶ
604 2153 636 2179 τὸ
658 2153 872 2189 ἐκπορευόμενον

75 2194 170 2222 αὐτοῦ
183 2195 294 2231 Πνεῦμα
310 2197 355 2223 ἐπὶ
366 2197 415 2233 τὴν
430 2197 485 2224 τῶν
501 2197 622 2224 ἀπίστων
637 2197 720 2224 ἐθνῶν
737 2199 875 2234 καταπέμ‹

74 2249 130 2268 πει
146 2243 206 2273 τοῖς
215 2242 349 2278 μαθηταῖς
359 2243 482 2279 ὁδηγίαν,
493 2244 526 2270 δι’
537 2241 566 2271 οῦ
575 2244 621 2271 καὶ
629 2245 643 2271 ὁ
655 2244 789 2280 μακάριος
801 2245 875 2272 Παῦ-

73 2288 126 2319 λος
145 2287 202 2314 ἀπὸ
216 2288 266 2323 τῆς
276 2289 354 2320 σκιᾶς
367 2289 573 2325 ἐχειραγωγήθη
593 2290 661 2326 πρὸς
671 2291 721 2326 τὴν
735 2290 872 2326 ἀλήθειαν,

926 2151 985 2186 ipso
994 2149 1128 2185 procedit,
1142 2149 1275 2185 Spiritum
1284 2149 1403 2177 demittit
1413 2150 1565 2185 discipulis.
1578 2155 1608 2178 ut
1619 2156 1713 2180 essent

924 2197 1009 2224 duces
1023 2195 1144 2231 gentium
1159 2195 1320 2223 inﬁdelium.
1332 2195 1385 2223 Per
1395 2204 1474 2231 quem
1489 2197 1585 2225 beatus
1603 2206 1713 2234 quoque

924 2241 1026 2269 Paulus
1038 2249 1072 2268 ex
1083 2240 1180 2268 umbra
1199 2240 1333 2268 deductus
1348 2240 1399 2268 fuit
1415 2241 1449 2268 ad
1470 2242 1621 2270 veritatem.
1634 2242 1713 2270 Tunc

924 2287 961 2321 is.
975 2288 1033 2315 zelo
1046 2281 1148 2315 Christi
1160 2287 1293 2322 percitus,
1305 2288 1532 2322 quemadmodum
1543 2289 1600 2323 ipse
1614 2293 1711 2324 captus

71 2333 143 2360 τότε
158 2332 192 2369 δὴ
203 2333 263 2360 τότε
274 2333 346 2371 ζήλῳ
362 2335 400 2371 τῷ
418 2335 482 2371 περὶ
496 2335 542 2362 τδν
551 2336 669 2371 Χριστὸν
693 2333 770 2368 οὗτος
782 2337 873 2369 ἁλοὺς,

927 2334 976 2361 fuit
986 2334 1019 2361 ad
1032 2333 1171 2369 pietatem,
1185 2334 1222 2360 ita
1234 2334 1314 2361 etiam
1329 2334 1421 2361 orbem
1435 2338 1514 2362 terrae
1528 2335 1562 2362 ad
1574 2343 1604 2363 se
1614 2336 1710 2364 stude-

70 2379 107 2407 ὃν
120 2379 271 2417 ἐζωγρήθη
285 2381 384 2417 τρόπον
399 2382 466 2418 πρὸς
478 2383 527 2418 τὴν
542 2382 697 2415 εὐσέϐειαν,
715 2383 809 2410 τοῦτον
827 2385 883 2411 καὶσ

70 2427 130 2462 τὴν
138 2426 438 2463 οἰκουμένηνέσπευδεν
446 2429 734 2461 ὲπισπάσασθαι,καὶΧ
740 2429 822 2466 ριστῷ
830 2430 873 2457 διὰ

69 2472 131 2507 τῆς
150 2471 272 2504 πίστεως
295 2473 495 2500 οἰκειώσασθαι.
515 2475 569 2502 Καὶ
578 2475 620 2501 ἵνα
629 2475 663 2502 τὰ
676 2477 705 2502 ἐν
713 2476 874 2511 Ἀμφιπόλει

69 2519 125 2545 καὶ
141 2517 281 2555 Θεσσαλίᾳ
295 2520 385 2556 παρῶ,
398 2521 445 2547 καὶ
459 2522 488 2547 ὲν
499 2519 559 2553 οἴςὸ
567 2521 662 2549 τούτου
674 2522 761 2557 λόγος,
780 2522 873 2558 ὥσπερ

68 2573 118 2597 τις
137 2566 257 2600 σαγήνη,
272 2567 334 2598 τοὺς
346 2567 459 2598 πολλοὺς
467 2568 535 2603 πρὸς
548 2569 597 2604 τὴν
610 2569 748 2596 εὐσέϐειαν
761 2570 871 2606 ἧγρευε,

70 2611 132 2638 τῶν
150 2610 184 2636 ἐν
205 2610 329 2647 Ἀθήναις
345 2613 432 2648 μόνων
447 2614 646 2650 μνησθήσομαι,
660 2615 692 2641 δι⁴
708 2612 745 2642 ὧν
762 2615 872 2651 θήραμα

72 2657 112 2692 τῷ
135 2657 296 2693 ’Δποστόλῳ
311 2659 357 2685 καὶ
373 2659 387 2684 ὁ
402 2658 488 2694 μέγας
503 2659 587 2692 ὅντως
605 2660 765 2688 καθίσταται
781 2662 873 2688 Διονύ-

67 2711 152 2732 σιος·
174 2702 204 2734 ὃς
223 2704 352 2739 πατρίδος
370 2705 420 2740 μὲν
435 2706 598 2740 ἐπιφανοῦς,
621 2707 760 2741 ἐπιφανῶν
780 2708 808 2734 δὲ
825 2708 871 2734 καὶ¹

67 2749 253 2784 γεννητόρων
269 2750 367 2786 τυχὼν,
384 2752 430 2777 επὶ
449 2752 519 2787 μέγα
536 2752 614 2788 δόξης
627 2753 748 2788 ἀφίκετο.
767 2754 871 2781 Δίκαιοι
885 2770 906 2799 c

69 2796 126 2831 μὲν
148 2795 219 2830 γὰρ,
237 2796 316 2832 εῐπερ
329 2806 371 2830 τις
393 2798 552 2834 Ἀθηναίων,
570 2800 613 2826 ἵνα
635 2800 673 2836 μὴ
688 2800 759 2835 λέγω
779 2800 868 2836 μόνον

68 2842 122 2868 καὶ
132 2841 297 2878 δικαιοσύνη
311 2845 367 2876 τοῖς
382 2844 504 2879 γονεῦσιν
515 2844 549 2874 ἦν
567 2846 597 2873 τὸ
612 2846 756 2884 ἐπίσημον,
779 2846 867 2882 φίλοις

131 2933 146 2951 ⁸
160 2931 225 2959 Act.
239 2940 304 2960 xvn.

925 2380 971 2408 bat
989 2380 1136 2411 attrahere,
1153 2383 1180 2407 et
1193 2379 1305 2406 Christo
1324 2387 1373 2414 per
1386 2379 1465 2407 iidem
1485 2380 1660 2416 conjungere.
1676 2381 1710 2409 Et

925 2432 1001 2453 utea
1017 2425 1142 2453 omittam
1163 2433 1224 2460 quae
1245 2425 1352 2460 abipso
1372 2425 1527 2460 Amphipoli
1542 2425 1613 2453 facta
1633 2431 1709 2461 sunt,

924 2475 951 2499 et
966 2472 994 2499 in
1013 2471 1167 2504 Thessalia,
1183 2475 1210 2498 et
1226 2471 1354 2498 omnibus
1369 2471 1397 2498 in
1412 2471 1496 2504 locis,
1512 2472 1540 2499 in
1553 2471 1635 2508 343
1649 2473 1711 2508 qui-

923 2518 976 2546 bus
992 2518 1052 2552 ejus
1066 2525 1168 2550 sermo,
1182 2517 1294 2552 perinde
1314 2525 1348 2544 ac
1362 2517 1485 2552 quaedam
1507 2525 1622 2553 sagena,
1638 2519 1710 2546 mul-

924 2567 967 2590 tos
985 2565 1099 2590 venatus
1119 2565 1161 2589 est
1178 2562 1212 2589 ad
1233 2562 1372 2597 pietatem,
1390 2569 1486 2589 eorum
1506 2562 1596 2591 solum
1613 2563 1710 2590 memi-

923 2617 1001 2642 nero,
1017 2617 1078 2644 qua
1101 2608 1215 2636 Athenis
1244 2608 1315 2635 facta
1340 2612 1416 2641 sunt,
1438 2615 1487 2643 per
1499 2615 1559 2643 quae
1572 2608 1655 2635 etiam
1674 2607 1712 2635 ab

923 2656 1053 2692 Apostolo
1064 2656 1124 2691 ipso
1139 2663 1202 2683 verc
1216 2662 1333 2690 magnus
1346 2659 1441 2690 captus
1453 2654 1503 2682 fuit
1518 2654 1665 2690 Dionysius
1675 2655 1687 2674 ε
1700 2663 1707 2686 ;

923 2702 980 2738 qui,
997 2702 1113 2738 patriam
1125 2701 1235 2737 quidem
1248 2701 1349 2728 claram
1365 2705 1392 2728 et
1407 2705 1533 2736 parentes
1549 2701 1639 2728 claros
1646 2707 1709 2727 con-

923 2755 1045 2783 secutus,
1062 2750 1097 2777 ad
1117 2757 1243 2784 magnam
1267 2749 1389 2785 pervenit
1413 2749 1540 2784 gloriam.
1561 2747 1627 2774 Nam
1639 2745 1709 2780 justi

923 2797 1032 2832 quidem
1051 2801 1141 2828 erant,
1164 2796 1188 2823 si
1208 2795 1257 2822 ulli
1272 2803 1305 2823 ex
1325 2794 1549 2825 Atheniensibus,
1570 2799 1605 2819 ne
1617 2791 1710 2818 dicam

922 2844 983 2878 soli,
1006 2844 1043 2870 ita
1055 2842 1204 2878 utjustitia
1223 2841 1329 2877 insigne
1341 2841 1394 2869 illis
1409 2843 1492 2874 esset,
1509 2838 1578 2874 aequi
1594 2835 1708 2868 amicis,
