1935 3094
214 170 263 200 591

803 165 832 193 s.
840 141 843 145 ’
851 163 998 193 DlONYSll
1017 155 1249 192 annonem:

1779 164 1826 192 592

212 227 349 256 mansueti
372 226 567 262 hospitalibus,
591 224 703 260 benigni
727 224 756 252 in
780 223 941 256 familiares,
965 226 994 251 et

1045 223 1186 255 ἐπιεικεῖς,
1201 223 1299 259 ἥμεροι
1315 224 1371 255 τοῖς
1383 223 1477 256 ξένοις,
1489 223 1543 255 τοῖς
1559 223 1668 255 οἰκείοις
1682 212 1824 259 φιλάνθρω-

215 281 279 302 vera
295 273 405 301 bonitas
419 277 479 301 erat
493 273 533 300 eis
552 272 671 305 bonitas,
691 277 747 298 non
762 269 920 302 ostentatio,
936 277 997 305 quae

211 319 294 350 habet
323 319 525 355 improbitatem
554 325 652 354 magna
689 324 721 343 ex
752 319 830 351 parte
861 315 996 343 insidian—

214 374 287 403 tem;
317 369 371 395 imo
383 366 493 402 quidam
520 368 630 400 apertus
649 363 746 390 animae
760 362 854 394 foetus,
882 366 910 391 et
931 362 997 390 cha-

212 418 305 442 racter
331 414 446 441 internae
468 410 629 438 aﬂ‘ectionis.
654 409 802 444 Postquam
831 412 920 436 autem
946 408 996 435 fuit

213 461 315 488 Paulus
336 459 460 490 Athenis,
486 461 513 485 et
539 463 704 491 congressus
728 463 791 483 cum
813 455 954 491 Epicureis
969 458 997 482 ct

213 506 313 534 Stoicis
325 526 333 539 ,
358 505 404 541 qui
422 503 580 540 Pythagorae
595 502 722 538 dogmata
744 502 930 534 sectabantur,
957 501 997 529 in-

212 553 302 581 stabat
316 551 402 586 operi,
432 557 530 586 nempe
547 553 577 577 ut
602 557 649 577 eos
672 548 818 576 abduceret
845 555 861 575 a
886 548 997 583 dogma-

211 599 284 626 tibus
310 597 479 632 impietatis,
505 599 532 624 et
559 595 713 623 traduceret
738 594 772 621 ad
800 594 948 629 pietatem,
969 597 997 621 et

211 648 346 672 everteret
377 643 479 678 templa
509 642 736 673 simulacrorum,
764 643 792 667 et
818 639 997 675 persuaderet

213 688 437 720 Atheniensibus,
460 687 520 715 fore
539 691 569 715 ut
590 689 765 722 resurgerem
784 686 813 713 in
832 685 929 712 ultimo
952 684 996 712 die

209 735 326 770 iudicii,
353 738 381 762 et
404 733 500 761 darent
517 739 613 767 poenas
639 739 734 759 eorum
761 738 822 766 quae
843 730 994 759 fecissent:

209 781 240 815 ii,
262 785 292 808 ut
316 779 364 816 qui
391 781 484 807 essent
504 779 566 806 aliis
595 778 684 806 affecti
711 777 938 813 superstitiosius,
969 780 997 805 et

209 828 239 856 in
262 827 365 854 multas
380 825 460 854 divisi
473 828 566 853 essent
589 825 741 861 opiniones,
770 824 996 860 aggrediebantur

209 880 272 901 eum
288 872 476 903 subsannare,
490 874 620 899 vocantes
635 878 697 898 eum
713 870 931 898 annuntiawrem
946 878 996 898 no-

209 926 305 948 vorum
337 917 517 953 quorumdam
543 917 749 944 demoniorum.
779 915 819 943 Ne
845 920 935 943 autem
959 916 994 943 ab

211 964 251 992 eis
270 966 444 999 appeteretur
465 963 523 990 sola
535 962 760 993 subsannatione,
778 960 827 989 sed
849 961 993 988 molestum

210 1009 294 1037 etiam
324 1008 428 1044 aliquid
453 1008 614 1040 sustineret,
640 1007 709 1036 dans
734 1007 869 1034 rationem
898 1014 993 1035 eorum

209 1060 271 1088 quae
297 1053 332 1080 ab
356 1052 417 1087 ipso
434 1051 663 1087 pradicabantur,
678 1052 911 1087 apprehendentes
931 1060 993 1080 eum

209 1098 381 1126 duxeruntin
388 1099 574 1133 Areopagum,
581 1097 628 1133 qui
642 1101 709 1125 tunc
721 1097 832 1133 quidem
841 1101 902 1125 erat
917 1097 994 1126 locus

209 1143 440 1181 congregationis,
453 1147 480 1172 et
494 1144 663 1172 Athenarum
675 1147 733 1172 erat
745 1143 836 1171 adhuc
847 1143 992 1179 judicium.

209 1189 279 1218 Nam
297 1189 349 1218 etsi
363 1193 430 1217 tunc
444 1188 559 1217 Romani
580 1189 608 1216 in
623 1196 718 1217 omnes
737 1189 893 1217 obtinerent
906 1189 992 1224 impe-

208 1235 291 1266 rium,
304 1233 485 1261 Athenienses
497 1237 587 1261 tamen
601 1237 628 1261 et
638 1233 858 1261 Lacedaemonios
870 1233 912 1261 sui
922 1233 994 1268 juris

210 1278 388 1307 demiserant.
400 1277 502 1306 Fabula
515 1282 615 1311 autem,
632 1278 704 1306 sicut
715 1278 767 1313 ipsi
776 1278 883 1311 dicunt,
895 1286 994 1306 nomen

210 1324 328 1360 accepit,
343 1324 416 1360 quod
431 1323 573 1360 Neptunus
591 1324 620 1351 in
634 1331 668 1352 eo
688 1328 784 1352 contra
800 1323 913 1352 Martem
928 1332 994 1352 cau—

208 1378 267 1400 sam
277 1370 450 1403 sustinuerit,
465 1370 538 1406 quod
549 1371 629 1406 hujus
640 1370 725 1398 lilium
739 1370 935 1399 Halirrothium
950 1378 995 1399 oo-

208 1416 330 1445 cidisset.
340 1415 410 1444 Cum
422 1424 484 1444 eum
493 1408 558 1452 ergo
569 1417 751 1445 adduxissent
766 1417 795 1445 in
806 1417 914 1444 illorum
927 1425 994 1445 con-

209 1466 350 1498 spectum,
371 1462 419 1497 qui
442 1467 470 1490 et
488 1467 601 1499 propter
620 1463 727 1490 sedium
749 1463 932 1497 altitudinem,
954 1468 992 1497 et,

209 1516 270 1545 quae
287 1512 446 1541 evacuatur,
465 1509 638 1545 sapientiam,
656 1517 687 1537 se
707 1510 851 1546 magniﬁce
874 1511 995 1538 circum-

1048 277 1105 302 ποι,
1123 270 1276 306 χρηστότης
1292 270 1383 302 αὐτοῖς
1400 270 1450 297 οὑκ
1470 269 1609 302 ἐπίδειξις,
1623 269 1825 306 ὑποκαθημένην

1046 315 1084 346 ὡς
1096 315 1131 343 τὰ
1151 315 1236 342 πολλὰ
1251 316 1303 352 τὴν
1319 317 1470 352 σκαιότητα
1484 316 1596 352 ἔχουσα,
1610 317 1679 344 ἀλλά
1699 325 1726 343 τι
1747 316 1826 351 σαφὲς

1047 360 1171 396 γέννημα
1186 361 1236 396 τῆς
1249 361 1347 397 ψυχῆς,
1366 362 1413 389 καὶ
1426 362 1477 397 τῆς
1490 362 1564 389 ἔνδον
1588 363 1730 399 χαρακτὴρ
1744 362 1825 390 διαθέ-

1048 414 1125 438 σεως.
1151 407 1259 444 Ἐπειδὴ
1271 408 1299 435 δὲ
1321 408 1448 445 Ἀθήνῃσι
1465 408 1570 441 Παῦλος
1584 409 1704 443 ἐγένετο,
1718 409 1763 436 καὶ
1775 410 1825 441 τοῖς

1054 454 1251 490 Ἐπικουρείοις
1264 454 1299 481 τὰ
1315 455 1473 491 Πυθαγόρου
1495 455 1655 491 κρατύνουσι
1671 455 1824 490 συμϐαλὼν,

1047 500 1128 536 ἔργου
1139 501 1226 536 εἴχετο
1239 501 1278 537 τῷ
1298 502 1352 537 τῆς.
1361 501 1487 533 ἀσεϐείας
1498 502 1594 534 αὑτοὺς
1605 502 1758 537 ἀποστῆσαι
1769 501 1826 535 δαγ-

1050 546 1155 581 μάτων,
1170 548 1217 574 καὶ
1239 547 1393 582 μεταθεῖναι
1410 547 1478 583 πρὸς
1496 547 1546 583 τὴν
1560 547 1709 579 εὐσέϐειαν,
1725 547 1786 578 τούς
1797 554 1825 573 τε

1046 592 1100 620 τῶν
1112 592 1227 620 είδώλων
1238 593 1470 629 καταστρέφεσθαι
1483 594 1572 625 ναοὺς.
1584 593 1631 620 καὶ
1644 595 1735 620 πεῖσαι
1753 593 1825 629 Ἀθη-

1048 639 1140 670 ναίους
1154 638 1182 664 ἐν
1193 639 1225 674 τῇ
1237 638 1439 675 ὲσχάτῃήμέρᾳ
1450 638 1624 674 τῆςκρίσεως
1633 638 1827 674 ἀναστήσεσθαι

1048 684 1164 719 μέλλειν,
1174 684 1221 710 καὶ
1227 684 1362 716 δίκαςτῶν
1370 684 1462 716 αὐτοῖς
1471 684 1657 720 εἰργασμένων
1665 684 1825 720 είσπραχθή-

1047 730 1156 757 σεσθαι·
1173 727 1246 757 οῦτοι
1262 731 1302 763 δὲ,
1313 730 1368 757 τῶν
1387 730 1474 758 ἀλλων
1493 731 1540 757 ἆτε
1560 730 1828 766 δεισιδαιμονέστερον

1045 778 1221 814 διακείμενοι,
1238 777 1286 804 καὶ
1300 778 1339 809 εἰς
1353 777 1452 808 πολλὰς
1471 776 1550 809 δόξας
1568 776 1615 803 καί
1631 776 1736 807 πίστεις
1754 784 1826 812 μερι-

1046 824 1164 861 ζόμενοι,
1181 823 1356 860 μυκτηρίζειν
1370 823 1450 850 αὑτὸν
1460 821 1626 858 ἐπεχείρουν,
1639 822 1739 849 καινῶν
1751 822 1828 849 τινῶν

1046 872 1093 899 καὶ
1110 871 1193 905 ξένων
1206 871 1351 907 δαιμονίων
1363 869 1533 905 καταγγελέα
1548 868 1702 901 καλοῦντες·
1718 868 1789 900 ὅπως
1800 868 1829 895 δὲ

1048 918 1085 954 μὴ
1099 917 1280 953 μυκτηρισμῴ
1293 917 1379 952 μόνον
1388 916 1452 953 παρ’
1469 916 1557 943 αὐτῶν
1575 916 1706 952 βάλλοιτο,
1723 916 1789 943 ἀλλά
1800 924 1825 943 τι

1045 964 1155 991 καὶτῶν
1170 963 1290 999 ἀνιαρῶν
1307 963 1440 999 ὑποσταίη
1462 963 1538 994 δίκας
1553 962 1607 989 τῶν
1621 962 1666 989 ὑπ’
1679 961 1761 990 αὑτοῦ
1776 970 1826 997 κη-

1045 1009 1215 1046 ρυττομένων
1221 1010 1317 1043 διδοὺς,
1325 1009 1515 1045 ἐπιλαϐόμενοι
1524 1009 1606 1036 αὑτοῦ
1614 1010 1660 1036 ἐπὶ
1669 1008 1715 1035 τὸν
1723 1009 1830 1044 Ἀρειον

1045 1056 1132 1090 πάγον
1147 1057 1265 1092 ἧγαγον-
1280 1056 1310 1087 ὃς
1319 1055 1401 1087 τόπος
1415 1055 1464 1091 μὲν
1479 1053 1514 1091 ἦν
1529 1055 1699 1090 συναγωγῆς,
1716 1055 1762 1082 καὶ
1776 1054 1830 1081 τῶν

1051 1102 1170 1138 Ἀθηνῶν
1183 1102 1223 1129 ἔτι
1236 1101 1381 1129 καθίστατο
1392 1102 1574 1138 δικαστήριον.
1589 1101 1684 1137 Είγὰρ
1700 1101 1746 1127 καὶ
1764 1100 1830 1127 Ῥω-

1046 1150 1120 1184 μαῖοι
1142 1149 1251 1176 πάντων
1271 1149 1332 1175 τότε
1355 1148 1502 1184 ἐκράτουν,
1523 1148 1580 1175 ἀλλ’
1605 1147 1761 1183 Ἀθηναίους
1783 1145 1831 1175 καὶ

1044 1194 1271 1230 Λακεδαιμονίους
1291 1193 1454 1229 αὐτονόμους
1470 1194 1587 1230 ἀφῆκαν.
1604 1193 1717 1229 Εἴρηται
1730 1193 1759 1220 δὲ
1781 1200 1830 1228 μυ-

1045 1241 1128 1273 θικῶς
1145 1240 1226 1273 οὕτω,
1244 1240 1369 1276 καθάπερ
1389 1240 1487 1267 ἐκεῖνοί
1511 1248 1603 1275 φασιν,
1623 1239 1676 1266 ἀπὸ
1694 1239 1740 1266 τοῦ
1753 1239 1831 1275 δίκην

1044 1287 1073 1314 ὲν
1089 1287 1162 1323 αὐτῷ
1176 1287 1222 1313 τὸν
1239 1286 1357 1313 Ποσειδῶ
1367 1285 1438 1313 κατά
1454 1285 1502 1312 τοῦ
1519 1286 1623 1322 ’Ἄρεώς
1637 1286 1774 1320 ὑποσχεῖν,
1789 1285 1831 1312 ὁτι

1043 1333 1090 1360 τὸν
1103 1333 1198 1361 τούτου
1221 1333 1278 1360 υἱὸν
1299 1333 1457 1360 ἀπέκτεινεν
1477 1331 1650 1368 Ἁλιρρόθιον.
1673 1331 1832 1366 ’Δγαγόντες

1044 1377 1090 1407 οὖν
1107 1380 1187 1407 αὑτὸν
1202 1379 1276 1415 (ἐπεὶ
1288 1379 1383 1414 καὶτῷ
1398 1379 1453 1405 τῶν
1467 1378 1569 1414 θρόνων
1581 1378 1653 1413 ὕψει,
1668 1378 1715 1405 καὶ
1729 1379 1764 1414 τῇ
1779 1386 1831 1404 κα-

1043 1426 1216 1462 ταργουμένῃ
1228 1425 1309 1461 σοφίᾳ
1326 1425 1397 1460 μέγα
1412 1425 1552 1460 ἐφρόνουν.
1566 1425 1612 1451 καὶ¹
1625 1424 1682 1460 ἅμα
1693 1423 1747 1450 τῶν
1763 1431 1833 1458 γινφ

1046 1473 1133 1508 μένων
1144 1473 1276 1508 ἀκροαταὶ
1286 1472 1334 1498 καὶ
1348 1472 1440 1508 κριτιιύ⁵
1459 1471 1662 1507 προεκάθηντο·
1682 1467 1722 1498 ὧν
1730 1467 1771 1502 εἷς
1784 1470 1833 1497 καὶ

1044 1519 1180 1550 Διονύσιος
1199 1516 1243 1554 ἦν,
1266 1519 1318 1545 κάν
1333 1519 1389 1549 τοῖς
1407 1517 1494 1552 λόγοις
1514 1517 1565 1544 κάν
1580 1518 1636 1549 τοῖς
1648 1517 1833 1553 δικαστηρίοις
1862 1527 1867 1532 ~
1909 1516 1910 1523 ‘

209 1555 362 1591 spiciebant
377 1563 384 1581 :
399 1559 428 1583 et
442 1555 523 1583 simul
537 1563 632 1584 eorum
647 1564 708 1592 quae
722 1556 833 1589 ﬁebant,
853 1557 994 1585 auditores

1045 1564 1075 1591 τὸ
1088 1565 1179 1592 πλεῖον
1187 1564 1411 1601 ἀποφερόμενος)·
1427 1564 1491 1595 «Τίς
1508 1565 1525 1599 ἡ
1543 1563 1623 1599 καινὴ
1637 1563 1706 1599 αὓτη
1717 1563 1764 1590 καὶ
1779 1563 1836 1590 ὑπὸ

207 1607 237 1631 et
251 1602 358 1637 iudices
373 1602 567 1638 praesidebant,
591 1610 708 1638 quorum
731 1611 803 1630 unus
829 1603 912 1631 etiam
935 1607 994 1631 erat

208 1648 365 1684 Dionysius,
381 1648 461 1684 cujus
478 1652 506 1677 et
523 1649 550 1676 in
571 1648 704 1681 dicendo,
721 1652 748 1676 et
761 1649 911 1684 iudicando
926 1657 995 1685 pra!-

208 1695 294 1730 cipuae
310 1697 388 1723 erant
402 1698 511 1730 partes:
532 1704 541 1720 ι
553 1694 683 1728 Quaenam
697 1700 740 1723 est
751 1695 808 1723 haec
818 1703 899 1730 nova,
909 1703 994 1732 quzea

208 1746 235 1770 te
246 1741 358 1775 dicitur,
375 1741 526 1776 doctrina,»
540 1741 624 1769 Paulo
634 1742 772 1775 dixerunt,
790 1742 994 1778 «sapientiaque

207 1792 235 1816 et
243 1788 382 1823 ingeniOsa
395 1787 521 1817 decreta?
533 1793 560 1816 et
570 1788 632 1824 quis
642 1792 684 1817 est
693 1787 773 1816 Jesus
782 1787 853 1816 Deus
864 1793 891 1816 et
900 1789 992 1821 homo,

207 1840 235 1863 et
250 1835 278 1862 in
293 1835 366 1870 ligno
377 1835 438 1863 vitae
452 1835 531 1862 dator
542 1840 569 1863 et
579 1835 673 1870 judex,
690 1842 705 1862 a
716 1843 770 1870 quo
784 1835 811 1862 in
820 1835 867 1870 jus
881 1839 995 1863 vocatur

208 1881 323 1916 quilibet
341 1881 499 1909 redditurus
519 1882 669 1909 rationem?
684 1881 813 1914 Quaedam
835 1882 908 1909 enim
923 1889 994 1909 nova

207 1931 235 1955 et
253 1928 342 1955 aliena
362 1927 452 1956 defers
474 1928 507 1955 ad
532 1935 613 1956 aures
633 1932 753 1956 nostras.
776 1927 909 1956 Volumus
927 1936 994 1964 ergo

209 1972 295 2005 scire,
308 1972 376 2007 quid
396 1972 454 2000 haec
473 1973 524 2000 sibi
540 1973 650 2004 volunt,
666 1977 694 2000 et
711 1980 765 2008 quo
780 1973 905 2001 tendunt.
922 1983 931 2000 ι
947 1973 994 2002 Ille

209 2021 298 2045 autem
314 2025 359 2045 res
369 2025 462 2045 eorum
470 2017 551 2053 3M
557 2018 673 2053 primum
684 2018 819 2046 extollens
826 2021 853 2046 et
867 2018 992 2050 laudans,

207 2068 242 2088 ne
253 2061 370 2090 insuetis
383 2066 410 2090 et
418 2062 515 2091 alienis
525 2062 614 2091 verbis
627 2063 802 2091 irritarentur
812 2063 892 2099 (iram
906 2063 991 2097 enim,

207 2109 246 2135 ait
260 2108 316 2141 ille,
333 2109 432 2136 avertit
448 2116 478 2136 se
492 2108 657 2137 submittens
668 2109 811 2144 responsio
826 2109 856 2144 δ)
874 2119 880 2136 ;
905 2119 914 2135 ι
934 2109 993 2137 Viri

211 2154 312 2190 inquit,
323 2154 514 2187 Athenienses,
530 2155 565 2183 de
588 2156 623 2183 iis
641 2163 702 2190 quae
715 2155 900 2192 interrogatis.
916 2161 992 2192 post-

207 2201 318 2229 modum
335 2202 358 2229 si
371 2201 409 2229 ita
422 2201 559 2229 videbitur
575 2202 710 2230 disseram
727 2210 734 2228 :
747 2210 821 2230 nunc
837 2206 928 2231 autem
944 2211 993 2238 per

1046 1609 1092 1637 σοῦ
1102 1609 1263 1645 λαλουμένη,
1280 1619 1289 1635 ι
1303 1609 1370 1644 πρὸς
1386 1609 1432 1636 τὸν
1445 1608 1550 1635 Παῦλον
1565 1608 1679 1644 ἔφησαν.
1694 1617 1704 1634 ι
1726 1608 1833 1644 διδαχὴ,

1044 1655 1091 1682 καὶ
1100 1655 1134 1682 τὰ
1151 1655 1221 1690 σοφὰ
1231 1655 1278 1682 καὶ
1291 1655 1505 1690 περινενοημένα
1519 1654 1688 1690 σοφίσματα;
1702 1654 1749 1681 καὶ
1764 1655 1808 1686 τίς
1819 1654 1836 1681 ό

1044 1703 1217 1739 θεάνθρωπος
1239 1701 1358 1738 Ἰησοῦς;
1381 1703 1428 1728 καὶ
1446 1701 1460 1728 ὁ
1479 1702 1525 1728 ἐπὶ
1539 1701 1617 1734 ξύλου
1633 1701 1767 1736 ζωοδότης
1786 1700 1837 1728 καὶ

1044 1748 1141 1784 κριτὴς
1156 1747 1348 1783 εὑθυνόμενοςς
1365 1745 1503 1779 ξενίζοντα
1523 1745 1580 1782 γάρ
1596 1753 1658 1772 τινα
1677 1745 1772 1780 φέρεις
1793 1745 1839 1776 εἰς

1043 1794 1092 1826 τὰς
1113 1793 1199 1825 ἀκοὰς
1213 1793 1301 1829 ἡμῶν.
1320 1791 1476 1827 Βουλόμεθα
1489 1789 1535 1819 οὖν
1546 1791 1659 1826 γνῶναι,
1677 1790 1703 1817 τί
1721 1791 1754 1818 ἂν
1769 1789 1837 1826 βού-

1044 1841 1115 1867 λοιτο
1129 1839 1226 1871 ταῦτα,
1239 1839 1287 1866 καὶ
1299 1839 1367 1875 πρὸς
1381 1838 1396 1865 ὃ
1411 1838 1535 1874 φέρουσι.
1549 1847 1558 1863 ι
1571 1837 1625 1864 Καὶ
1634 1837 1673 1869 ὃς,
1684 1836 1715 1863 τὸ
1725 1835 1838 1872 πρῶτον

1044 1886 1164 1921 ἐπαίρων
1182 1893 1212 1912 τε
1224 1885 1282 1920 ἅμα
1297 1884 1332 1911 τὰ
1342 1884 1453 1910 ἐκείνων
1469 1883 1516 1910 κα)⁸
1525 1882 1558 1909 δι’
1570 1882 1681 1909 ἐπαίνου
1692 1881 1838 1917 τιθέμενος

1044 1930 1098 1959 οἷον
1127 1930 1212 1964 εἰκὸς,
1242 1931 1287 1958 ἴνα
1297 1930 1334 1966 μὴ
1345 1931 1401 1961 τοῖς
1410 1929 1505 1965 ἀήθεσι
1517 1929 1563 1955 καὶ
1574 1928 1659 1961 ξένοις
1673 1927 1763 1962 λόγοις
1772 1935 1840 1962 spor

1044 1979 1165 2014 χύνοιντο
1188 1977 1283 2013 (θυμὸν
1301 1976 1355 2012 γὰρ
1381 1975 1556 2011 ὑποστρέφει,
1580 1976 1672 2010 φησὶν,
1688 1974 1839 2010 ἀπόκρισις

1045 2023 1260 2057 ὑποπίπτουσα)·
1281 2033 1289 2048 ι
1308 2022 1432 2057 Ἄνδρες,
1448 2018 1535 2052 εἶπεν,
1558 2019 1703 2055 Ἀθηναῖοι,
1719 2019 1786 2055 περὶ
1798 2015 1838 2046 ὧν

1045 2069 1223 2102 πυνθάνεσθε,
1240 2068 1363 2104 ὕστερον,
1381 2068 1406 2094 εί
1428 2067 1516 2098 δοκεῖ,
1541 2066 1714 2103 διηγήσομαι·
1735 2065 1786 2093 νῦν
1809 2065 1840 2092 δὲ

1044 2115 1115 2143 κατά
1121 2115 1210 2142 πάντα
1219 2115 1256 2146 ὡς
1263 2113 1492 2148 δεισιδαιμονεστὲ
1496 2121 1557 2148 ρους
1565 2113 1636 2148 ὑμᾶς
1643 2112 1748 2148 θεωρῶ.
1757 2112 1841 2147 Διερ-

1044 2162 1155 2198 χόμενος
1162 2160 1217 2196 γὰρ
1224 2161 1271 2188 καὶ
1277 2160 1311 2187 τὰ
1320 2159 1478 2195 σεὸἀσματα
1486 2159 1561 2194 ὑμῶν
1569 2158 1741 2194 ἀναθεωρῶν,
1755 2155 1840 2194 εὗρον

1044 2207 1091 2235 καὶ
1108 2206 1210 2242 βωμὸν,
1229 2206 1257 2232 ὲν
1271 2202 1293 2239 ᾧ
1309 2205 1508 2239 ἐπεγέγραπτο·
1533 2203 1683 2239 Ἀτνώστῳ
1697 2203 1769 2236 Θεῷ.
1787 2205 1841 2231 Ὂν

207 2246 298 2274 omnia
313 2247 392 2282 quasi
406 2248 653 2282 superstitiosiores
667 2256 717 2276 vos
731 2249 818 2277 video.
843 2248 993 2277 Transiens

1045 2250 1091 2279 οὖν
1113 2250 1271 2286 ἀγνοοῦντες
1293 2250 1439 2282 εὐσεϐεῖτε,
1467 2249 1562 2276 τοῦτον
1579 2249 1635 2283 ἐγὼ
1656 2249 1842 2284 καταγγέλλω

206 2293 290 2325 enim,
311 2297 339 2320 et
361 2293 498 2329 aspiciens
530 2302 563 2322 ea
594 2302 656 2331 quae
677 2295 776 2328 colitis,
800 2295 892 2324 inveni
911 2296 994 2323 etiam

207 2347 292 2372 aram,
311 2339 338 2367 in
353 2348 407 2375 qua
426 2341 589 2376 inscriptum
608 2346 685 2370 erat:
703 2341 798 2376 Ignoto
820 2341 884 2369 Deo.
907 2341 992 2375 Quem

207 2394 272 2422 ergo
287 2386 445 2421 ignorantes
452 2389 555 2421 colitis,
569 2397 632 2417 eum
644 2389 779 2417 annuntio
793 2389 886 2422 vobis;
896 2389 920 2416 si
931 2396 993 2416 eum

207 2431 276 2461 forte
296 2435 545 2467 contrectaveritis,
568 2440 595 2462 et
617 2435 790 2468 inveneritis,
807 2435 860 2462 etsi
880 2443 935 2463 non
958 2434 994 2461 sit

207 2479 288 2514 longe
309 2479 344 2507 ab
366 2487 531 2516 unequoque
549 2486 682 2508 vestrum.
706 2480 736 2508 ln
755 2481 817 2516 ipso
837 2480 995 2515 enimgvivi-

207 2532 279 2558 mus,
293 2528 321 2553 et
335 2533 486 2557 movemur,
503 2529 530 2554 et
544 2535 650 2554 sumus.
667 2536 676 2553 ι
687 2526 750 2555 Haec
760 2534 822 2554 cum
837 2527 875 2553 illi
890 2526 993 2554 audiis-

205 2576 278 2603 sent,
293 2573 422 2607 quoniam
434 2573 564 2608 gravibus
575 2573 718 2601 sententiis
730 2573 809 2608 plena
819 2576 878 2600 erat
893 2573 992 2607 oratio,

204 2622 335 2652 tanquam
349 2626 417 2646 sono
430 2619 534 2646 tonitru
550 2624 643 2647 essent
657 2618 851 2653 obstupefacti,
867 2618 992 2654 elingues

204 2667 232 2691 et
245 2665 312 2692 muti
325 2669 478 2694 evaserant.
487 2665 556 2692 Cum
566 2669 655 2692 autem
667 2665 711 2692 vix
723 2665 832 2692 tandem
843 2664 989 2693 dixissent:

207 2718 217 2735 ι
242 2708 394 2739 Audiamus
413 2715 441 2738 te
460 2711 604 2746 postridie,
620 2721 628 2738 ι
646 2719 709 2739 eum
724 2711 890 2739 dimiserunt
911 2719 926 2739 e
945 2711 992 2746 ju-

204 2754 289 2782 dicio.
298 2755 441 2792 Egreditur
448 2765 513 2792 ergo
523 2757 636 2792 Paulus,
649 2765 704 2785 non
718 2758 856 2791 inanibus,
871 2761 900 2785 ut
911 2757 992 2793 vulgo

204 2800 314 2833 dicitur,
322 2802 460 2836 manibus,
471 2803 518 2831 sed
529 2811 621 2832 secum
634 2809 755 2840 accepto,
766 2804 811 2840 qui
820 2811 883 2832 eum
894 2811 992 2839 seque-

246 2886 260 2907 h
270 2887 350 2916 Prov.
368 2897 413 2917 xv.

1045 2299 1123 2333 ὑμῖν·
1139 2297 1164 2323 εί
1178 2297 1232 2332 ἀρα
1245 2296 1420 2331 ψηλαφήσετε
1435 2296 1525 2329 αὑτὸν,
1543 2295 1590 2322 καὶ
1600 2294 1716 2331 εὕροιτε,
1733 2295 1783 2322 καί
1805 2303 1842 2330 γε

1044 2343 1075 2370 οὐ
1097 2342 1205 2378 μακρὰν
1221 2342 1267 2377 ἀφ’
1284 2341 1399 2368 ὲκάστου
1418 2341 1493 2376 ὑμῶν
1514 2341 1678 2377 ὑπάρχοντα.
1699 2341 1743 2368 Ἑν
1759 2341 1842 2377 αὐτῷ

1044 2388 1099 2424 γὰρ
1112 2387 1202 2423 ζῶμεν
1213 2387 1259 2415 καὶ⁸
1271 2386 1418 2422 κινούμεθα
1434 2388 1480 2414 καὶ
1488 2387 1579 2423 ἐσμέν.
1591 2398 1600 2414 ι
1610 2387 1718 2415 Τούτων
1733 2387 1843 2415 ἐκεῖνοι

1044 2433 1220 2464 ἀκούσαντες,
1232 2433 1279 2459 καὶ
1288 2433 1328 2459 ὅτι
1339 2431 1445 2468 πλήρης
1457 2433 1471 2459 ὀ
1482 2432 1559 2467 λόγος
1569 2432 1677 2469 κομψῆς
1686 2432 1843 2468 ἐτύγχανεν

1043 2480 1172 2512 διανοίας,
1195 2476 1238 2506 οἷα
1257 2479 1371 2515 βροντῆς
1387 2479 1446 2514 ἧχῳ
1464 2478 1699 2514 καταπλαγέντες,
1725 2479 1845 2514 ἀφωνία.

1043 2527 1207 2561 συνείχοντο.
1231 2526 1292 2561 Ὀψὲ
1302 2526 1330 2552 δὲ
1346 2525 1394 2557 καὶ
1411 2524 1487 2560 μόλις
1504 2535 1513 2551 ι
1536 2525 1721 2560 Ἀκουσόμεθά
1738 2534 1790 2552 σου
1803 2526 1843 2561 τῇ

1043 2572 1203 2608 ὑστεραίᾳ,›
1227 2571 1467 2607 ἐπιφθεγξάμενοι,
1485 2571 1533 2599 τοῦ
1552 2572 1727 2607 δικαστηρίου
1737 2571 1845 2599 τοῦτον

1042 2618 1163 2655 ἀφῇκαν.
1188 2617 1305 2650 Ἔξεισιν
1324 2615 1371 2644 οὖν
1382 2618 1396 2644 ὁ
1409 2617 1517 2649 Παῦλος
1534 2618 1564 2643 οὑ
1585 2618 1679 2649 κεναῖς
1700 2616 1793 2652 χερσὶ,
1810 2616 1846 2643 τὺ

1041 2664 1183 2700 ᾀδόμενον·
1196 2664 1252 2691 ἀλλ’
1266 2663 1433 2699 ὲφεπόμενον
1447 2663 1492 2690 τὸν
1508 2663 1637 2699 πρόεδρὼ
1649 2671 1679 2689 τε
1695 2663 1743 2690 καὶ
1752 2671 1847 2699 κορυ-

1040 2712 1119 2745 φαῖον
1132 2711 1182 2746 τῆς
1198 2710 1251 2737 τῶν
1271 2709 1404 2744 σοφιστῶν
1422 2710 1578 2746 συμμορίας
1595 2709 1777 2746 παραλαϐὼν,
1792 2709 1846 2736 τὸν

1043 2756 1129 2792 μέγαν
1143 2756 1236 2784 τοῦτόν
1245 2765 1316 2792 φημι
1329 2756 1482 2783 Διονύσιον·
1495 2756 1542 2783 καὶ
1557 2755 1652 2792 ὥσπερ
1668 2765 1711 2788 τις
1732 2756 1800 2783 ὐλυ
1806 2765 1845 2791 μ.-

1042 2804 1166 2839 πιονίκης
1183 2802 1200 2839 ἢ
1219 2803 1386 2838 στρατηγὸς,
1406 2802 1457 2837 τῆς
1474 2802 1542 2834 ἰδίας
1560 2801 1683 2838 γλώττης
1700 2803 1846 2840 τρόπαιον
