1950 3065
105 158 156 188 επ

542 156 634 191 νιΤΑ,
650 155 816 185 AUCTORE
831 154 993 183 SYMEONE
1010 154 1275 182 METAPHRASTE.

1664 158 1717 186 σοι

102 217 181 246 αὐτὸν
208 216 388 252 ποιησάμενος
409 214 456 242 καὶ
481 216 586 252 καρπὸν
607 215 725 242 τοιοῦτον
745 214 791 241 τοῦ
816 213 883 249 πρὸς

933 213 1025 245 batur,
1041 211 1168 246 praeside,
1178 215 1204 239 et
1219 211 1314 240 classis
1328 211 1511 247 sophistarum
1523 212 1717 248 principe,boe

107 262 261 298 Ἀθηναίους
280 262 358 296 λόγου
378 261 497 297 θερίσας.
519 262 581 293 Τοῖς
598 262 653 297 γὰρ
673 261 748 297 παρὰ
767 260 814 287 τοῦ
832 260 882 295 τῆς

100 308 226 344 ἀληθείας
246 307 366 343 κήρυκος
390 308 454 343 περὶ
475 307 521 333 τοῦ
547 307 634 343 Ἰησοῦ
654 306 809 342 λεγομένοις
832 306 881 342 τὴν

99 354 292 390 προοραθεῖσαν
305 352 379 388 αὐτῷ
393 352 462 380 κατὰ
476 353 521 380 τὸν
535 352 628 388 καιρὸν
648 351 695 378 τοῦ
710 351 813 383 πάθους
827 352 882 378 τῶν

99 400 247 436 φωοτήρων
269 399 441 434 καινοτομίαν
467 398 610 434 συμϐαλὼν
635 399 747 431 ἐκεῖνος,
764 398 811 424 καὶ
831 398 881 433 τῆς

97 444 268 481 ἀνθρωπίνης
283 444 384 480 ταύτης
402 444 495 478 σοφίας
508 443 652 480 ὑπεριδὼν,
667 443 714 471 τοῦ
735 443 815 478 λόγου
831 445 881 480 τῆς

98 491 224 527 ἀληθείας
237 491 357 526 γίνεται,
372 491 419 518 καὶ
433 490 472 526 τῷ
491 489 643 526 Ἀποστόλῳ
659 489 823 517 συντίθεται·
841 490 880 527 τῷ

97 535 251 572 τε¹λουτρῷ
270 536 318 571 τῆς
336 535 543 570 παλιγγενεσίας
560 535 729 568 τελειωθεὶς,
756 535 881 572 μαθητὴς

97 581 162 618 ὁμοῦ
180 582 227 608 καὶ
244 580 331 617 κῆρυξ
349 580 467 617 Χριστοῦ
488 582 535 608 τοῦ
556 581 665 617 πρώτου
684 582 734 618 τῆς
751 582 880 619 ἀληθείας

96 627 253 654 διδασκάλου
274 627 442 655 καθίσταται.
466 627 521 654 Καὶ
535 627 569 655 τά
587 628 684 664 πρῶτα
705 628 755 664 τῆς
772 629 880 664 ἡλικίας

95 673 250 709 διατριϐῶν,
267 674 313 701 καὶ
336 674 459 706 παιδείας
481 674 521 710 τῷ
549 675 688 711 μακαρίτῃ
715 676 880 712 κοινωνήσας

103 719 237 755 Ίεροθέῳ,
254 720 310 755 βίον
321 720 373 747 ὑπὸ
390 719 477 756 τούτῳ
491 721 539 748 καὶ
550 721 627 756 λόγον
645 721 812 749 παιδεύεται·
833 723 880 749 καὶ

96 765 145 801 τῆς
155 766 239 802 αὐτῆς
253 766 327 801 αὐτῷ
337 766 383 793 τοῦ
398 767 475 802 ἁγίου
484 767 553 794 Πνεύ
559 776 643 803 ματος
658 768 800 800 κοινωνίας
814 777 880 795 κατ-

95 811 226 843 αξιοῦται,
243 812 290 838 καὶ
305 811 450 844 ἀναϐάσεις
463 813 491 838 ὲν
508 813 541 848 τῇ
563 812 661 848 καρδίᾳ
677 813 878 849 ἀνατιθέμενος,

97 857 233 892 φιλοσοφεί
254 858 304 893 τὴν
325 857 470 893 ἀλήθειαν*
494 857 571 894 ζητεῖ
594 858 664 894 μετά
679 859 728 894 τῆς
752 859 880 895 ἀληθείας

933 265 1042 293 magno,
1055 258 1176 292 inquam,
1195 257 1336 293 Dionysio.
1355 257 1394 286 De
1408 266 1475 294 quo,
1491 263 1622 295 tanquam
1640 260 1718 296 quis-

932 303 1005 338 piam
1025 303 1115 331 victor
1138 302 1312 338 Olympicus,
1336 308 1383 332 aut
1404 305 1460 332 dux
1482 306 1632 340 exercitus,
1661 315 1718 337 suae

931 349 1029 384 lingua~
1046 349 1134 377 erexit
1148 349 1310 384 trophzeum,
1324 354 1352 378 et
1374 350 1447 378 hunc
1468 351 1589 380 fructum
1605 353 1718 390 collegit

930 402 964 422 ex
978 395 1102 422 oratione
1128 402 1209 430 quam
1222 395 1316 422 habuit
1327 395 1361 422 ad
1374 395 1566 426 Athenienses.
1582 397 1619 425 lis
1631 399 1717 433 enim,

931 447 991 475 quae
1010 440 1044 468 de
1065 440 1129 468 Jesu
1144 441 1308 469 dicebantur
1326 449 1341 468 a
1359 449 1485 476 praecone
1499 444 1633 477 veritatis,
1653 451 1718 472 cum

931 494 946 514 a
960 495 990 514 se
1002 488 1078 522 prius
1088 487 1212 515 visamin
1228 490 1352 522 tempore
1366 489 1503 523 passionis
1514 489 1718 519 innovationem

931 533 982 561 sibi
994 533 1047 568 ipsi
1057 533 1432 568 explicuissetluininarium,
1443 538 1471 562 et
1485 534 1556 563 hanc
1568 536 1718 564 humanam

930 579 1102 614 despexisset
1120 579 1292 615 sapientiam,
1308 584 1431 608 sectatur
1443 581 1557 609 verbum
1572 583 1715 616 veritatis,

930 630 957 653 ct
983 626 1142 662 adjungitur
1164 625 1351 661 Apostolo;et
1366 627 1581 662 regenerationis
1609 628 1719 657 lavacro

929 676 1146 706 consummatus,
1164 672 1194 699 (it
1209 672 1290 700 simul
1306 672 1474 707 discipulus,
1491 677 1518 705 et
1535 680 1624 708 prmo
1638 673 1718 702 Chri-

930 719 977 752 sti,
994 719 1041 754 qui
1059 722 1102 747 est
1114 718 1218 753 primus
1230 718 1328 745 doctor
1342 719 1476 747 veritatis.
1491 718 1525 746 Et
1538 727 1601 746 cum
1616 719 1720 754 primas

930 765 992 793 ﬁdei
1003 765 1213 793 exercitationes
1226 770 1252 792 et
1275 764 1438 800 disciplinas
1450 772 1466 792 a
1485 765 1565 793 beato
1580 767 1720 801 percepis-

931 815 972 840 set
982 811 1139 843 liierotheo,
1155 815 1183 839 et
1192 811 1221 838 in
1236 811 1332 844 verbo,
1344 814 1372 838 et
1390 811 1418 838 in
1431 811 1486 839 vita
1497 811 1532 839 ab
1543 819 1577 839 eo
1593 812 1718 844 docetur,

930 862 958 886 et
971 857 1059 885 sancti
1074 856 1193 892 Spiritus
1206 858 1427 885 communionem
1441 858 1476 885 ab
1486 865 1519 885 eo
1527 858 1718 893 consequitur.

96 904 158 938 περὶ
173 903 271 939 ψυχῆς,
290 904 354 940 περὶ
367 904 503 940 σώματος,
521 905 585 941 περὶ
603 905 652 941 τῆς
665 905 720 932 τῶν
735 906 879 941 πρακτέων

932 903 1033 931 Deinde
1046 904 1224 931 ascensiones
1242 903 1272 931 in
1287 903 1370 931 corde
1382 911 1432 931 suo
1452 903 1614 939 disponens,
1629 903 1720 939 philo-

96 948 248 984 ὑπάρξεως·
271 949 359 977 πάντα
377 952 470 987 νεκροῖ
486 950 520 977 τὰ
545 950 612 986 μέλη
632 951 668 978 τά
687 952 732 978 ἐπὶ
749 952 799 987 τῆς
815 952 878 987 γῆς,

95 993 178 1022 πολλά
187 996 220 1031 τῇ
233 995 314 1031 σαρκὶ
328 996 521 1032 νομοθετήσας,
537 997 577 1028 εἰς
590 997 728 1033 ὑποταγὴν
738 997 785 1023 τοῦ
799 997 881 1024 πνεύ-

96 1049 190 1076 ματος·
205 1041 374 1076 παιδαγωγεῖ
382 1043 431 1078 τὴν
441 1043 526 1078 ἀκοὴν
540 1043 591 1070 ὃσα
606 1043 665 1070 θεῖα
677 1043 724 1070 καὶ
738 1043 803 1079 περὶ
812 1043 879 1071 Θεοῦ

94 1087 279 1115 ὲνωτίσασθαι·
296 1089 354 1120 τοῖς
370 1088 398 1115 δὲ
419 1089 522 1116 τούτων
543 1089 621 1121 ἐκτὸς
642 1090 688 1129 τὸν
709 1090 781 1117 Θεῖον
799 1090 880 1125 φόϐον

94 1133 215 1169 θυρωρὸν
237 1134 378 1170 ἐφίστησιν
401 1135 597 1171 ἀπαραίτητον·
614 1136 673 1163 ὅλον
699 1137 811 1172 μετάγει
835 1138 880 1164 τὸν

93 1178 230 1214 ὀφθαλμὸν
247 1180 293 1206 ἐπὶ
307 1181 356 1216 τὴν
374 1180 511 1216 ἀλήθειαν.
526 1182 566 1208 Τὰ
579 1181 633 1218 γὰρ
647 1182 697 1217 τῆς
708 1182 841 1218 γλώττης,
856 1184 880 1210 εί

95 1224 142 1251 καὶ
164 1224 201 1261 μὴ
226 1225 254 1252 ιν
272 1222 313 1257 οἷς
329 1227 411 1262 ἐχρῆν
428 1227 574 1263 πρότερον,
592 1227 649 1254 ἀλλ’
665 1226 712 1256 οὖν
730 1228 881 1263 φιλοσόφως

93 1278 124 1297 τε
138 1271 187 1297 καὶ
209 1271 337 1304 Ἀττικῶς
353 1273 401 1300 καὶ
415 1273 484 1309 πρὸς
503 1273 646 1310 ἀκρίϐειαν
660 1274 879 1301 ὲνεπεπαίδευτο.

94 1319 159 1351 Καὶ,
177 1318 200 1345 ὣ
213 1319 260 1346 τοῦ
276 1318 427 1355 θαῦματοςί
440 1321 470 1346 έν
492 1320 591 1356 βραχεῖ
604 1320 708 1353 πάντας
721 1320 881 1356 ὑπερϐαίνει
898 1340 904 1347 .

93 1365 157 1397 τοὺς
166 1364 330 1401 ἔμπροσθεν,
347 1366 377 1392 οὺ
394 1364 496 1400 κλέψας
508 1366 557 1402 τὴν
573 1365 700 1400 ἐξουσίαν
715 1367 775 1393 οὐδὲ
791 1367 881 1403 ἁρπά-

95 1419 155 1443 σας,
168 1410 235 1438 ἀλλὰ
247 1411 310 1443 τοὺς
321 1411 397 1438 κάτω
407 1411 527 1448 βαθμοὺς
541 1411 692 1444 διεξελθών.
710 1413 766 1439 Καὶ
774 1413 806 1439 τὸ
822 1421 881 1439 ποι-

97 1457 238 1493 μαίνεσθαι
252 1457 342 1490 καλῶς
350 1457 487 1494 ἐκμαθὼν,
498 1457 553 1485 τῶν
563 1458 618 1485 ἄνω
631 1459 700 1494 ταχὺ
711 1459 825 1493 γίνεται.
834 1459 881 1486 καὶ

95 1503 231 1538 ποιμαίνει
241 1503 310 1539 μετὰ
318 1504 366 1539 τῆς
373 1503 467 1540 πείρας
477 1503 598 1540 ὓστεροψ
607 1504 656 1530 καὶ
662 1504 790 1537 ἐπιεικῶς
797 1504 880 1540 ἀρχε-

96 1549 157 1577 σθαι
169 1549 272 1585 μαθὼν,
287 1550 367 1586 ἄρχει
378 1551 590 1587 ἐπιεικέστερον
606 1552 653 1579 καὶ
668 1551 738 1587 μετὰ
750 1552 802 1587 τῆς
813 1552 881 1588 ἀλη-

93 1595 169 1628 θείας
188 1595 305 1628 διδάξας,
325 1595 369 1622 διὰ
388 1596 479 1629 πάσης
494 1605 523 1623 τε
544 1597 628 1624 ἐλθὼν
647 1597 789 1630 εὐταξίας,
803 1597 879 1630 τέλος
892 1592 915 1623 C

93 1641 144 1676 τὴν
158 1640 213 1668 τῶν
233 1641 351 1677 Ἀθηνῶν
367 1642 522 1674 πιστευθεὶς
542 1643 697 1679 προεδρίαν,
713 1643 767 1670 τῶν
781 1643 881 1670 οίάκων

92 1688 143 1723 τῆς
161 1687 324 1722 Ἑκκλησίας
341 1687 573 1724 ὑπερκαθέζεται·
597 1689 628 1715 τό
642 1697 673 1715 τε
699 1689 749 1725 τῆς
769 1689 882 1725 γνώμης

94 1734 218 1768 γενναῖον
233 1732 413 1765 ἐπιδεικνύει,
431 1733 478 1760 καὶ
494 1733 664 1770 προπολεμεῖ
677 1734 727 1770 τῆς
746 1734 880 1770 ποίμνης,

92 1779 139 1806 καὶ
149 1778 280 1806 ἀποσοϐεῖ
288 1779 351 1810 τοὺς
365 1779 461 1815 θῆρας,
472 1780 519 1807 καὶ
531 1779 578 1806 τοῦ
593 1781 769 1816 νενοσηκότος
784 1781 882 1817 ἐπιμε-

93 1824 191 1857 λεῖται,
213 1825 304 1852 καὶτὸ
326 1825 478 1861 μακρυνθὲν
499 1826 646 1861 ἐπανάγει·
664 1828 713 1854 καὶ
738 1827 882 1855 συνελόντα

92 1871 185 1904 φάναι,
201 1872 268 1898 πᾶσι
282 1870 316 1898 τὰ
322 1870 412 1898 πάντα
425 1871 496 1898 κατὰ
511 1871 557 1898 τὸν
573 1871 656 1899 αὐτοῦ
670 1872 829 1900 διδάσκαλον
838 1873 881 1908 γί-

91 1924 178 1943 νεται.
194 1916 271 1942 Οὕτω
282 1925 313 1942 τε
328 1915 451 1948 διδάξας,
470 1916 518 1943 καὶ
529 1917 579 1952 τὴν
592 1917 694 1953 Τριάδα
707 1917 880 1954 Θεολογήσας,

93 1961 188 1997 σαφῶς
195 1963 259 1998 περὶ
271 1962 325 1989 τῶν
339 1962 426 1990 ἄλλων
437 1962 614 1999 διαλαμϐάνει
623 1963 773 1999 δυνάμεων.

931 950 1063 985 sophatur
1073 949 1231 983 veritatem;
1242 950 1340 985 quaerit
1354 957 1416 977 cum
1432 950 1558 984 veritate,
1568 950 1603 978 de
1615 950 1718 984 anima,

931 996 965 1024 de
986 1004 1112 1032 corpore,
1128 1003 1160 1024 ac
1178 996 1212 1024 de
1230 996 1385 1024 substantia
1404 1004 1496 1024 rerum
1511 996 1717 1032 gerendarum:

931 1042 1078 1070 mortiﬁcat
1093 1041 1185 1070 omnia
1198 1043 1320 1070 membra
1337 1050 1397 1075 sua.
1414 1050 1475 1078 quae
1490 1046 1555 1070 sunt
1567 1050 1650 1078 super
1662 1047 1720 1072 ter-

931 1096 1000 1121 ram,
1010 1089 1101 1117 carnis
1110 1088 1212 1116 multas
1223 1088 1298 1124 leges
1311 1089 1483 1118 constituens
1492 1089 1527 1116 ad
1535 1089 1719 1118 obediendum

932 1135 1054 1170 spiritui;
1069 1135 1149 1163 docet
1166 1143 1247 1163 aures
1262 1136 1419 1163 auscultare
1433 1143 1494 1171 quae
1508 1136 1610 1169 divina,
1620 1141 1648 1164 et
1659 1144 1720 1172 qua:

932 1185 995 1210 sunt
1008 1182 1041 1210 de
1052 1182 1108 1210 Deo
1119 1182 1270 1216 audienda;
1283 1182 1317 1210 iis
1328 1186 1418 1210 autem
1430 1191 1491 1218 qua:
1508 1186 1572 1210 sunt
1588 1186 1665 1211 extra
1674 1191 1718 1216 ea.

931 1228 1053 1255 divinum
1072 1233 1174 1256 metum
1201 1228 1399 1256 inexorabilem
1422 1228 1532 1256 adhibet
1549 1229 1717 1264 janitorem:

931 1277 958 1301 et
973 1278 1059 1301 totum
1073 1274 1183 1301 oculum
1192 1273 1312 1302 traducit
1328 1274 1363 1301 ad
1376 1275 1517 1302 veritatem
1532 1275 1719 1310 contemplan-

931 1319 1003 1347 dam.
1019 1319 1097 1352 Quod
1113 1324 1205 1347 autem
1220 1320 1253 1347 ad
1269 1320 1391 1355 linguam
1405 1320 1533 1355 pertinet,
1550 1321 1603 1348 etsi
1617 1328 1672 1348 non
1689 1321 1719 1349 in

932 1366 977 1399 iis,
993 1366 1021 1394 in
1032 1367 1134 1402 quibus
1149 1367 1303 1402 oportebat,
1318 1367 1384 1395 olim
1397 1367 1494 1395 edocta
1514 1367 1614 1399 fuerat,
1631 1367 1721 1402 philo.

932 1413 1045 1448 sophice
1067 1417 1159 1441 tamen
1179 1417 1208 1440 et
1221 1412 1323 1445 Attice,
1338 1413 1479 1448 multaque
1493 1420 1556 1440 cum
1576 1413 1719 1448 diligentia

931 1459 1038 1486 erudita
1049 1463 1119 1487 erat.
1136 1457 1230 1494 Itaque
1248 1458 1325 1486 brevi
1340 1458 1488 1495 Dionysius
1501 1458 1529 1494 (ο
1543 1459 1718 1494 miraculum)

931 1509 1043 1541 superat
1053 1513 1159 1538 omnes,
1171 1505 1218 1540 qui
1233 1509 1447 1540 praecesserant:
1463 1505 1544 1541 3&5
1556 1508 1584 1533 et
1594 1513 1656 1533 cum
1670 1512 1719 1540 po-

932 1556 1055 1579 testatem
1069 1559 1124 1579 non
1134 1551 1293 1579 subfuratus
1301 1555 1386 1584 esset,
1396 1551 1444 1579 sed
1452 1559 1501 1586 per
1512 1551 1613 1586 gradus
1625 1554 1720 1579 trans-

930 1598 1007 1626 iisth
1024 1597 1179 1630 inferiores,
1197 1597 1311 1632 pulchre
1329 1598 1406 1632 pasci
1419 1597 1573 1631 didicisset,
1587 1597 1621 1624 ad
1637 1604 1720 1632 supe-

931 1643 1004 1670 riora
1017 1650 1080 1670 mox
1093 1643 1228 1679 pervenit,
1245 1646 1272 1670 et
1287 1643 1376 1678 pascit
1387 1646 1482 1677 postea
1497 1650 1561 1670 cum
1576 1643 1720 1678 experien-

930 1690 984 1723 tia;
1005 1693 1033 1717 et
1058 1697 1122 1717 cum
1146 1689 1271 1722 modeste
1297 1696 1394 1724 parere
1419 1688 1572 1722 didicisset,
1602 1689 1719 1723 imperat

930 1735 1098 1768 modestius;
1110 1739 1137 1762 et
1147 1743 1211 1762 cum
1222 1734 1364 1763 docuisset
1376 1741 1438 1762 cum
1450 1735 1574 1767 veritate,
1590 1735 1721 1763 obiisset-

930 1789 984 1817 que
999 1789 1094 1809 omnes
1107 1781 1170 1808 boni
1184 1781 1289 1808 ordinis
1301 1785 1405 1816 partes,
1424 1781 1534 1808 tandem
1548 1781 1573 1808 ei
1588 1781 1719 1808 mandato

929 1827 1098 1854 Athenarum
1117 1826 1290 1862 pontiﬁcatu,
1321 1826 1409 1854 clavis
1432 1826 1562 1862 prasidet
1576 1826 1718 1859 Ecclesiae,

931 1872 1107 1908 ostenditque
1130 1880 1210 1900 suum
1235 1879 1400 1907 generosum
1423 1871 1557 1902 animum.
1573 1874 1600 1898 et
1617 1874 1721 1906 pugnat

931 1927 981 1954 pro
994 1926 1075 1954 grege
1091 1926 1099 1944 :
1116 1918 1281 1953 expellitque
1294 1918 1408 1949 bestias,
1420 1921 1447 1945 et
1454 1918 1525 1953 ejus,
1538 1917 1612 1952 quod
1624 1918 1720 1945 morbo

931 1964 1048 1997 laborat,
1069 1972 1164 1992 curam
1179 1964 1259 2000 gerit,
1274 1968 1302 1991 et
1316 1964 1389 1999 quod
1415 1964 1494 1999 longe
1520 1966 1563 1991 est
1583 1968 1720 1991 remotum

91 2007 220 2035 reducit:
237 2012 275 2040 et,
291 2012 322 2036 ut
342 2009 427 2037 semel
445 2009 546 2043 dicam,
569 2009 642 2037 sicut
659 2009 720 2044 ejus
744 2011 885 2046 magister,
907 2010 1037 2039 omnibus
1049 2011 1079 2038 lit
1097 2011 1190 2038 omnia
1206 2011 1228 2037 ί.
1253 2009 1322 2037 Cum
1345 2010 1386 2037 sic
1408 2014 1499 2038 autem
1522 2009 1664 2038 docuisset
1689 2014 1718 2038 et

91 2053 128 2082 de
145 2053 288 2082 Trinitatis
314 2054 458 2083 divinitate
486 2055 674 2090 disseruisset,
687 2057 761 2084 clare
775 2060 876 2085 tractat
892 2058 926 2086 de
938 2058 1066 2093 supernis
1081 2058 1240 2085 virtutibus.

128 2099 183 2127 Καὶ
198 2101 238 2133 είς
252 2100 332 2127 τοῦτο
347 2102 457 2137 χάριτος
473 2101 568 2134 ἐλθὼν,
582 2102 631 2135 ὡς,
647 2102 729 2138 ἡνίκα
748 2103 779 2130 τὸ
803 2103 882 2130 πνεῦ-

93 2154 133 2182 μα
147 2146 197 2181 τῆς
211 2146 341 2174 Θεοτόκου
356 2147 481 2183 σώματος
499 2148 634 2184 ὲξεδήμει,
650 2150 707 2181 τοῖς
722 2148 881 2181 ἀποστόλοις

90 2193 137 2220 διὰ
153 2194 369 2230 πνεύματοςικαὶ
385 2195 499 2230 νεφέλης
514 2197 548 2231 τῇ
566 2196 627 2232 ἱερᾷ
641 2196 737 2223 τούτου
754 2197 881 2223 ἐπιστᾶσι

89 2242 164 2276 ταφῇ
182 2242 378 2277 συμπαρεῖναι·
392 2242 442 2269 οὐκ
457 2242 498 2269 ἔτι
513 2242 568 2269 δεῖν
582 2242 652 2277 ᾠετο
670 2243 720 2278 μιᾷ
735 2242 811 2270 πόλει
821 2244 881 2274 ταῖς

97 2285 223 2321 Ἀθήναις
238 2286 285 2313 τὸν
306 2286 432 2314 τοσοῦτον
456 2287 625 2323 περιγράψαι
642 2287 757 2315 πλοῦτον
769 2288 820 2323 τῆς
837 2288 883 2323 χά-

92 2340 168 2368 ριτος
180 2340 186 2346 ·
202 2331 269 2358 ἀλλά
281 2332 312 2358 τὸ
325 2333 454 2360 τάλαντον
471 2333 689 2361 πολυπλασιάσαι
708 2334 880 2370 βουλόμενος,

91 2377 140 2405 καὶ
153 2377 213 2404 κατ’
234 2377 305 2413 ἴχνος
317 2378 431 2405 ἕπεσθαι
446 2379 486 2414 τῷ
508 2379 670 2415 διδασκάλῳ,
691 2380 741 2412 τὰς
767 2381 882 2416 Ἀθήνας

89 2422 248 2454 ἀπολιπὼν,
272 2423 357 2450 πολλὰ
388 2425 436 2459 μὲν
459 2425 528 2451 κατά
550 2426 601 2461 γῆν
618 2425 728 2459 παθὼν,
748 2426 831 2453 πολλὰ
853 2427 882 2452 δὲ

91 2469 141 2496 καὶ
166 2469 236 2496 κατὰ
253 2469 388 2496 θάλασσαν
405 2470 553 2506 ὑπομείνας
568 2471 603 2498 τὰ
619 2472 743 2508 δυσχερῆ.
765 2473 812 2499 καὶ
829 2481 881 2508 μη-

88 2515 119 2541 δὲ
142 2515 196 2542 ὑπὸ
218 2515 322 2542 τούτων
351 2517 539 2552 κατασχεθεὶς,
566 2517 624 2544 ἀλλ’
650 2518 720 2554 ὑπὲρ
743 2518 778 2545 τὰ
807 2520 882 2546 κάτω

88 2562 182 2588 πάντα
200 2563 234 2597 τῇ
249 2560 304 2588 τῶν
320 2561 376 2588 ἀνω
392 2562 492 2598 θεωρίᾳ
516 2564 660 2598 γενόμενος
670 2584 678 2596 ,
694 2564 744 2599 τὴν
759 2565 882 2600 βασιλίδα

94 2604 208 2641 Ῥώμην
229 2606 448 2642 καταλαμϐάνει,
467 2607 514 2634 καὶ
536 2608 660 2642 πρόσεισι
677 2608 816 2644 Κλήμεντι
836 2609 883 2636 τὸν

87 2651 268 2679 ἀποστολικὸν
290 2651 440 2688 τηνικαῦτα
466 2652 560 2688 θρόνον
582 2653 700 2680 διέποντι
718 2663 724 2669 ·
742 2655 772 2687 ὃς
787 2655 883 2691 Πέτρῳ

87 2696 131 2732 τῷ
154 2697 264 2732 μεγάλῳ
279 2697 375 2732 ἐφοίτα
386 2718 394 2730 ,
413 2697 459 2725 καὶ
474 2697 520 2724 τὸν
537 2698 632 2733 θρόνον
649 2699 693 2725 ὑπ’
711 2701 815 2727 ἐκείνου
833 2709 883 2727 πε-

89 2743 230 2771 πίστευτο.
245 2744 338 2780 Τούτῳ
355 2742 400 2772 οὖν
413 2745 536 2781 πρόσεισι
548 2745 694 2778 Διονύσιος,
712 2746 758 2774 καὶ
774 2747 805 2773 τὸ
821 2747 882 2774 καθ’

88 2790 190 2818 ἑαυτὸν
199 2791 379 2827 προσαναθεὶς
399 2791 563 2827 Εὑαγγέλιον
584 2791 615 2818 τό
632 2800 661 2819 τε
677 2792 727 2828 τῆς
743 2793 882 2825 διακονίας

133 2882 143 2903 i
160 2880 169 2907 Ι
185 2882 248 2911 Cor.
262 2890 299 2916 Ix,
316 2882 361 2911 22.

968 2103 1038 2132 Cum
1066 2110 1132 2131 vero
1158 2103 1192 2130 ad
1216 2105 1321 2129 tantam
1346 2101 1518 2137 pervenisset
1537 2101 1674 2136 gratiam,
1691 2104 1723 2128 ut

933 2150 1043 2186 quando
1068 2150 1206 2186 Deiparae,
1233 2149 1308 2184 quod
1335 2148 1420 2177 Deum
1449 2149 1571 2184 suscepit
1597 2147 1723 2183 corporis

934 2195 1077 2231 emigravit
1100 2195 1234 2230 spiritus,
1262 2194 1344 2221 simul
1363 2193 1471 2222 adesset
1489 2200 1553 2220 cum
1571 2193 1721 2228 apostoli,

934 2240 981 2276 qui
999 2248 1046 2275 per
1061 2240 1189 2275 spiritum
1205 2243 1233 2267 et
1249 2239 1349 2266 nubem
1366 2238 1401 2266 ad
1417 2238 1488 2265 hanc
1503 2245 1610 2265 sacram
1625 2244 1722 2265 acces-

932 2290 1025 2314 serant
1043 2286 1227 2321 sepulturam,
1248 2292 1304 2312 non
1322 2283 1441 2319 amplius
1456 2283 1624 2311 existimavit
1641 2290 1723 2318 opor-

934 2338 994 2362 tere
1010 2341 1064 2361 una
1084 2334 1196 2361 civitate
1210 2352 1218 2366 ,
1235 2339 1334 2367 nempe
1346 2331 1461 2360 Athenis
1471 2351 1479 2364 ,
1495 2330 1724 2358 circumscribere

935 2380 1004 2408 tales
1021 2387 1088 2414 opes
1106 2379 1220 2414 gratiae;
1249 2378 1297 2406 sed
1322 2378 1417 2405 volens
1436 2377 1618 2412 multiplicate
1636 2378 1723 2404 talen-

935 2430 993 2453 tum
1003 2446 1011 2458 ,
1029 2429 1058 2453 et
1076 2425 1154 2460 sequi
1170 2425 1214 2453 sui
1227 2424 1352 2460 magistri
1368 2424 1483 2459 vestigia
1494 2444 1501 2457 ,
1517 2423 1621 2450 relictis
1638 2422 1723 2450 Athe-

935 2472 979 2500 nis
989 2493 996 2504 ,
1012 2475 1039 2500 et
1059 2476 1132 2499 terra
1146 2477 1174 2500 et
1186 2472 1256 2499 mari
1273 2471 1359 2498 multa
1376 2477 1473 2505 passus
1487 2469 1580 2505 gravia
1592 2489 1600 2501 ,
1616 2476 1668 2497 nec
1686 2472 1725 2496 ta-

935 2527 997 2547 men
1010 2519 1046 2546 ab
1055 2519 1096 2546 eis
1106 2518 1262 2545 retardatus
1272 2537 1279 2549 ,
1292 2516 1340 2546 sed
1352 2523 1536 2552 supernarum
1548 2522 1642 2542 rerum
1657 2521 1725 2541 con-

936 2565 1114 2600 templatione
1128 2563 1225 2592 inferis
1240 2563 1368 2591 omnibus
1383 2561 1539 2598 superatis,
1563 2561 1598 2588 ad
1620 2560 1724 2595 regiam

936 2609 1033 2636 urbem
1062 2608 1186 2644 pervenit
1212 2607 1347 2641 Romam;
1373 2611 1402 2635 et
1427 2606 1533 2635 accedit
1556 2605 1668 2641 quidem
1690 2604 1724 2632 ad

935 2655 1120 2688 Clementem,
1142 2656 1189 2691 qui
1207 2660 1272 2683 tunc
1285 2655 1378 2683 sedem
1394 2654 1505 2682 tenebat
1525 2652 1723 2687 apostolicam,

935 2702 1039 2736 quique
1058 2709 1074 2728 a
1092 2709 1193 2736 magno
1215 2701 1296 2729 Petro
1318 2700 1409 2728 fuerat
1427 2699 1540 2727 edoctus
1556 2717 1564 2729 ,
1581 2701 1608 2724 et
1626 2694 1672 2723 cui
1689 2695 1725 2722 ab

934 2747 982 2774 illo
1011 2746 1101 2775 fuerat
1125 2747 1230 2775 credita
1254 2747 1344 2775 sedes.
1372 2745 1412 2774 Ad
1441 2752 1503 2773 eum
1530 2750 1597 2778 ergo
1616 2741 1726 2769 accedit

935 2793 1097 2830 Dionysius,
1126 2798 1153 2823 et
1182 2801 1245 2822 eum
1268 2794 1294 2822 ei
1310 2800 1392 2822 suum
1410 2791 1582 2827 exposuisset
1601 2789 1724 2822 Evange-
