1950 3065
252 170 305 202 595

831 172 859 199 s.
880 169 1029 200 mons"
1049 159 1297 199 AREOPAGITAE'

1801 157 1855 196 τ.θά

244 231 329 262 lium,
352 233 380 257 et
406 236 474 265 opus
497 229 569 257 sacri
586 230 749 263 ministerii,
766 234 796 258 ut
815 230 861 266 qui
884 233 955 258 esset
979 230 1028 256 iis-

1081 229 1157 265 ἔργον
1182 229 1219 262 ὡς
1242 228 1386 265 ὀμοτρόπῳ
1403 228 1450 255 καὶ
1464 226 1634 264 ὸμογνώμονι
1649 226 1854 262 κοινωσάμενος,

244 276 306 304 dem
332 274 508 303 moribus‘et
534 276 668 304 sententia
696 276 940 307 communicasset,
971 275 1028 309 ipse

243 328 306 348 eum
325 320 487 348 adhortatur
512 324 542 347 ut
567 325 688 348 transeat
707 321 741 348 ad
760 324 850 356 partes
869 320 1027 348 occidenta-

244 365 294 392 les.
312 365 381 392 Cum
405 373 438 393 ex
456 366 489 393 iis
505 373 584 401 ergo,
610 366 655 401 qui
674 374 735 394 eum
761 366 956 401 sequebantur,
977 366 1028 392 mi-

242 411 341 439 nistris
371 419 420 446 per
450 412 525 439 vicos
553 416 580 439 et
609 413 735 440 civitates
762 412 830 439 alios
852 412 915 438 alibi
933 411 1028 439 distri-

244 457 368 489 buisset,
400 460 427 485 et
459 458 579 485 salutare
611 457 659 485 Dei
692 457 867 492 Evangelium
899 457 1028 492 jussisset

243 503 402 537 praedicare,
418 503 528 538 ipseque
542 503 685 531 Rusticum
699 507 726 531 et
740 503 936 535 Eleutherium,
952 503 1027 529 illum

245 548 356 582 quidem
374 548 522 576 chrismate
538 549 698 580 sacerdotii,
715 549 789 576 hunc
808 552 916 580 autem,
931 555 1028 583 nempe

243 593 448 625 Eleutherium,
478 593 654 621 honestatum
680 593 845 626 diaconatu,
874 593 1026 628 accepisset

242 641 399 675 adjutores,
419 648 474 667 non
494 647 573 667 secus
603 647 635 668 ac
662 647 778 675 magnus
797 640 946 675 Apostolus
966 638 1027 675 Syl-

242 694 344 714 vanum
359 689 386 714 et
403 686 595 718 Timotheum,
612 690 639 714 et
653 686 687 714 ad
702 686 794 714 Gallos
813 688 933 715 venisset
952 687 1027 714 occi-

243 733 386 765 dentales,
413 739 466 759 non
488 734 576 760 solum
594 733 684 760 verbis
703 732 837 760 doctrinae
849 753 856 764 ,
877 733 925 760 sed
944 733 1027 760 etiam

242 778 384 813 signorum
400 779 528 813 operibus
546 778 708 814 fungebatur
721 786 833 806 munere
849 779 1025 813 apostolatus,

242 822 350 849 medius
378 830 512 857 apparens
537 823 571 851 iis
598 824 644 858 qui
674 823 702 850 in
727 831 890 859 unaquaque
917 824 1028 852 civitate

242 868 461 900 conveniebant,
477 873 504 896 et
518 869 552 896 de
565 870 666 905 pietate
679 870 762 897 verba
782 869 885 897 faciens
905 870 964 897 sine
985 870 1028 896 in—

243 913 434 948 termissione,
453 918 480 941 et
497 914 630 943 inducens
653 915 793 943 auditores
809 916 842 943 ad
864 915 1027 950 agnitionem
1043 904 1064 931 Β

242 960 320 994 ejus,
336 960 383 995 qui
399 961 475 996 ipsos
489 962 600 989 creavit.
615 961 682 988 Cum
699 963 739 989 sic
754 969 819 997 ergo
832 962 952 989 veritatis
969 969 1029 988 ver-

242 1006 308 1033 bum
333 1006 537 1041 praedicaretur,
558 1012 585 1035 et
609 1008 700 1035 divina
725 1008 833 1043 quidem
861 1008 927 1036 ﬁdes
947 1007 1030 1043 346

243 1052 461 1086 conﬁrmaretur,
477 1057 650 1081 amoveretur
667 1057 756 1081 autem
774 1054 862 1081 omnis
885 1053 959 1081 fraus
973 1053 1030 1080 dae-

243 1105 354 1125 monum
364 1118 372 1132 ,
391 1099 537 1133 quemdam
553 1107 586 1126 ex
602 1099 636 1126 iis
652 1100 700 1134 qui
714 1107 776 1127 cum
790 1107 823 1127 eo
837 1099 1027 1131 versabantur,

243 1143 376 1179 inclytum
389 1163 396 1176 ,
414 1145 526 1179 inquam
538 1164 546 1177 ,
562 1144 731 1178 Lucianum,
749 1145 796 1180 qui
813 1146 896 1173 etiam
916 1145 1029 1180 presby-

243 1190 297 1218 teri
312 1190 444 1227 dignitate
457 1196 516 1218 erat
528 1195 642 1219 ornatus
656 1192 665 1227 (
677 1199 738 1219 eum
755 1192 826 1219 enim
846 1191 1030 1226 sequebantur

244 1236 322 1263 multi
345 1244 379 1264 ex
395 1237 430 1264 iis
455 1237 502 1272 qui
523 1238 650 1265 virtutem
669 1235 922 1273 amplectebantur;
940 1237 1029 1265 simile

244 1282 328 1315 enim,
349 1287 381 1310 ut
401 1283 511 1315 dicitur,
531 1284 613 1312 simili
631 1284 821 1319 delectatur),
841 1284 918 1312 misit
936 1284 971 1311 ad
990 1284 1030 1311 ci-

243 1328 358 1356 vitatem
380 1329 477 1357 insula
499 1329 692 1361 Belvacensis,
714 1329 924 1364 praedicaturum
943 1329 1030 1364 pieta-

244 1375 321 1404 tem;
347 1372 407 1407 ipse
430 1380 494 1401 vero
512 1373 594 1401 simul
609 1381 671 1400 cum
693 1373 807 1401 Rustico
826 1378 853 1400 et
874 1373 1031 1402 Eleutherio

244 1416 332 1445 Gallia
354 1417 493 1454 Cisalpina
514 1419 627 1450 relicta,
649 1427 712 1446 cum
737 1419 788 1446 hoc
804 1427 965 1454 responsum
981 1419 1031 1446 ha-

244 1463 352 1492 lauisset
366 1464 403 1492 ab
417 1465 533 1500 angelo,
549 1466 622 1492 venit
638 1465 665 1492 in
680 1465 816 1492 civitatem
831 1484 838 1496 ,
855 1472 916 1499 quae
931 1464 1032 1492 dicitur

244 1509 359 1542 Parisii,
376 1515 407 1538 ut
424 1518 487 1539 cum
502 1512 530 1538 in
544 1518 576 1539 ea
590 1512 703 1538 verbum
724 1511 886 1538 seminasset
906 1511 1029 1545 pietatis,

244 1557 273 1581 et
289 1553 438 1582 redimitus
461 1559 536 1582 esset
557 1563 659 1583 corona
679 1555 823 1590 martyrii,
844 1563 908 1582 cum
931 1555 1030 1583 ﬁducia

245 1600 390 1627 sisteretur
403 1607 496 1628 coram
509 1600 563 1628 Deo
575 1601 746 1636 agonotheta,
756 1601 829 1636 quod
835 1602 960 1636 equidem
969 1602 993 1629 ei
1003 1602 1031 1628 in

244 1646 318 1674 votis
331 1650 401 1680 erat,
416 1651 446 1674 et
457 1647 510 1674 hoc
525 1647 553 1674 in
567 1647 745 1682 sequentibus
767 1655 880 1674 narrare
893 1651 1028 1682 satagam.

281 1691 350 1719 Cum
372 1700 438 1728 ergo
461 1693 581 1721 venisset
601 1694 635 1721 ad
655 1693 726 1721 hanc
744 1693 912 1721 Parisiorum
935 1694 1033 1721 civita-

245 1741 301 1764 tem
311 1756 319 1768 ,
342 1741 369 1765 et
382 1745 443 1764 eam
459 1738 608 1766 invenisset
624 1738 731 1773 plenam
744 1738 957 1772 incredulitate;
972 1745 1033 1773 qua;

246 1790 342 1810 eorum
365 1783 492 1817 quidem,
513 1791 573 1819 qua:
593 1785 620 1811 in
640 1785 699 1820 ipsa
715 1789 794 1812 erant
806 1805 814 1817 ,
829 1785 1033 1820 pulchritudine

247 1833 275 1858 et
295 1830 457 1857 excellentia
479 1830 638 1859 civitatibus
659 1831 766 1866 magnis
787 1834 846 1858 erat
866 1831 946 1866 longe
964 1830 1034 1858 infe-

247 1876 316 1908 rior,
334 1877 472 1911 impietate
485 1881 575 1905 autem
591 1877 658 1905 adeo
673 1883 732 1905 erat
747 1877 875 1906 omnibus
892 1879 1030 1913 superior,

248 1926 280 1949 ut
302 1930 337 1950 ne
361 1927 473 1957 possent
491 1923 600 1958 quidem
621 1930 683 1950 cum
704 1931 736 1951 ea
757 1924 899 1956 conferre,
914 1923 1034 1958 undique

247 1968 285 1996 ab
299 1968 466 1997 immanibus
481 1975 613 2004 occupata
631 1969 847 2002 habitatoribus,
863 1974 890 1997 et
903 1974 1033 2004 tanquam

247 2014 322 2042 vallo
337 2015 430 2050 aliquo
449 2015 527 2042 va!de
550 2016 653 2042 munita
678 2016 786 2042 illorum
807 2015 983 2048 crudelitate,
1007 2020 1034 2044 et

248 2068 308 2088 eam
325 2068 480 2097 opponens,
497 2065 626 2096 tanquam
644 2061 754 2097 aliquod
775 2061 848 2088 aliud
865 2062 1033 2096 praesidium.

247 2106 325 2135 Adde
345 2106 418 2142 quod
439 2114 501 2134 cum
524 2107 646 2134 omnium
668 2106 808 2141 fructuum
829 2111 902 2135 esset
921 2106 1035 2135 fertilis-

247 2153 318 2181 sima
328 2172 336 2186 ,
351 2159 378 2182 et
391 2154 542 2183 abundaret
557 2155 675 2182 maxima
690 2163 781 2182 rerum
797 2155 918 2182 omnium
937 2155 1032 2190 copia,

248 2199 322 2227 cives
341 2207 407 2228 suos
427 2201 514 2236 magis
536 2201 668 2228 incitabat
685 2201 718 2228 ad
740 2201 815 2229 vitia.
830 2200 898 2228 Cum
918 2201 946 2228 in
964 2201 1035 2228 hanc

1078 274 1130 301 ὑπὸ
1145 275 1241 302 τούτου
1257 275 1441 311 προτρέπεται
1474 273 1520 301 καὶ
1537 273 1607 308 πρὸς
1631 273 1747 308 ἑσπέρια
1774 280 1855 308 μετα-

1077 321 1157 356 ὃῆναι
1181 321 1251 356 μέρη
1267 329 1275 336 ο
1292 321 1386 352 ἄλλους
1413 320 1460 355 μὲν
1476 317 1522 346 οὖν
1545 318 1600 345 τῶν
1625 318 1763 353 ἑπομένων
1785 317 1858 353 αὐτῷ

1076 367 1239 403 λειτουργῶν
1255 366 1369 402 ἀλλαχοῦ
1384 366 1438 392 τῶν
1454 365 1555 400 κωμῶν
1575 373 1606 391 τε
1622 365 1668 391 καὶ
1684 363 1786 391 πόλεων
1800 364 1858 391 δια-

1076 413 1189 448 νείμας,
1207 413 1298 440 καὶτὸ
1321 412 1368 439 τοῦ
1392 411 1460 439 Θεοῦ
1484 411 1616 446 σωτήριον
1639 409 1859 444 εὐαγγελίζεσθαι

1077 459 1355 493 Μρεγγυησάμενος,
1379 456 1533 484 Ῥουστικὺν
1555 455 1637 487 αὐτὸς
1659 455 1706 482 καὶ
1737 453 1859 481 Ἐλευθέ-

1079 512 1134 539 ριον
1144 524 1151 536 ,
1167 504 1214 530 τὸν
1238 504 1286 539 μὲν
1312 503 1460 539 ἱερωσύνης
1477 502 1624 538 χρίσματι,
1640 500 1761 536 διακονίᾳ
1776 500 1804 526 δὲ
1819 508 1860 526 τε-

1076 550 1226 586 τιμημένον
1242 550 1289 577 τὸν
1316 547 1500 584 Ἐλευθέριον,
1525 548 1681 584 συνεργοὺς,
1697 547 1820 582 καθάπερ
1844 547 1861 573 ό

1079 597 1164 632 μέγας
1186 596 1345 627 Ἀτυόστολος
1369 594 1511 621 Σιλουανὸν
1535 594 1582 621 καὶ
1604 593 1752 629 Τιμόθεον,
1769 600 1860 628 παρα·

1077 642 1166 670 λαϐὼν
1179 663 1186 675 ,
1210 643 1256 670 καὶ
1281 643 1344 674 τοὺς
1369 641 1512 676 ἑσπερίους
1534 639 1693 668 καταλαῦὼν
1716 638 1838 669 Γαλάτας
1852 658 1861 671 ,

1077 690 1107 716 οὑ
1123 689 1233 723 διδαχῆς
1250 688 1328 723 μόνον
1341 688 1469 723 ῥήμασιν,
1487 686 1553 713 ἀλλά
1570 685 1616 713 καὶ
1633 685 1753 720 σημείων
1770 684 1863 720 ἔργοις

1077 734 1229 769 ἀποστολῆς
1251 734 1330 770 ἔργον
1353 732 1511 768 εἰργάζετο,
1537 730 1618 767 μέσος
1640 733 1697 762 τοῖς
1720 731 1780 758 καθ’
1796 731 1862 757 ἑκά-

1078 788 1145 816 στην
1169 780 1305 806 συνιοῦσιν
1337 779 1551 813 ὲκφαινόμενος,
1576 775 1640 809 τούς
1663 785 1693 803 τε
1718 777 1768 811 τῆς
1785 776 1864 802 εὐσε-

1078 826 1153 858 ϐείας
1168 825 1263 859 λόγους
1279 824 1458 855 ἀδιαλείπτως
1483 822 1618 850 ἀνακινῶν
1629 842 1637 854 ,
1661 822 1708 849 καὶ
1724 822 1791 858 πρὸς
1813 822 1865 858 τὴν

1077 871 1124 898 τοῦ
1141 870 1318 906 πεποιηκότος
1339 869 1484 902 ἐπίγνωσιν
1506 870 1570 900 τοὺς
1592 867 1729 903 ἀκροατὰς
1761 867 1864 901 ἑπαγό-

1080 926 1168 953 μενος.
1187 916 1279 948 υῦτως
1295 915 1342 943 οὖν
1365 916 1412 942 τοῦ
1432 915 1512 950 λόγου
1536 915 1586 950 τῆς
1612 913 1740 950 ἀληθείας
1762 921 1866 949 κηρυσ-

1079 963 1191 999 σομένου
1207 983 1214 995 ,
1247 962 1293 990 καὶ
1322 962 1374 997 τῆς
1404 961 1452 996 μὲν
1484 960 1558 992 θείας
1587 959 1790 995 κρατυνομένης
1819 958 1867 984 πί-

1079 1018 1180 1042 στεως,
1197 1008 1356 1044 δαιμονικῆς
1371 1007 1400 1034 δὲ
1415 1008 1507 1042 πάσης
1523 1006 1630 1042 ἀπάτης
1653 1007 1685 1032 ἐκ
1708 1005 1797 1032 ποδῶν
1818 1013 1867 1038 γι-

1078 1056 1210 1092 νομένης,
1226 1056 1280 1082 τῶν
1296 1054 1342 1082 ἐπὶ
1363 1053 1450 1089 τούτῳ
1465 1053 1525 1079 τινὰ
1551 1053 1700 1083 συνόντων,
1717 1052 1869 1078 Λουκιανόν

1078 1112 1150 1139 φημι
1165 1103 1211 1129 τὸν
1227 1102 1363 1137 ἀοίδιμον,
1382 1100 1412 1132 ὃς
1427 1100 1474 1127 καὶ
1489 1101 1523 1136 τῇ
1539 1099 1586 1126 τοῦ
1604 1098 1788 1135 πρεσϐυτέρου
1802 1098 1869 1134 ἀξίᾳ

1079 1149 1222 1185 ἐτετίμητο
1231 1168 1239 1181 ,
1255 1144 1432 1184 (συνήπτοντο
1441 1146 1496 1181 γὰρ
1509 1145 1584 1181 αὐτῷ
1598 1144 1688 1172 πολλοὶ
1700 1144 1753 1170 τῶν
1763 1143 1870 1179 ἀρετῆς

1081 1194 1334 1230 μεταποιουμένωνν
1349 1191 1388 1227 τῷ
1403 1191 1497 1227 ὁμοίῳ,
1515 1191 1592 1226 φασὶ,
1614 1189 1644 1216 τὸ
1660 1190 1750 1225 ὅμοιον
1760 1188 1780 1222 ¹)
1798 1188 1871 1224 πρὸς

1078 1239 1128 1274 τὴν
1143 1238 1194 1274 τῆς
1210 1237 1403 1268 Βελουακένσις
1419 1236 1503 1271 νήσου
1519 1235 1596 1262 πόλιν
1614 1233 1757 1269 ἐκπέμψας
1781 1233 1871 1269 κηρύ-

1081 1283 1159 1316 ξοντα
1188 1284 1239 1319 τὴν
1270 1282 1431 1313 εὐσέὁειαν,
1455 1281 1537 1313 αὐτὸς
1559 1281 1617 1316 ἀμα
1639 1279 1788 1314 Ῥουστικῷ
1819 1279 1871 1306 καὶ

1086 1329 1261 1364 Ἐλευθερίῳ,
1282 1328 1332 1364 τὴν
1357 1327 1469 1354 Γαλλίαν
1489 1326 1575 1353 λιπὼν
1587 1346 1594 1358 ,
1611 1326 1714 1353 ἀνωθεν
1730 1325 1806 1360 αὐτῷ
1822 1334 1874 1352 κε·

1080 1374 1309 1411 χρηματισμένον,
1326 1375 1356 1400 ὲν
1372 1372 1490 1408 Παρισίᾳ
1505 1372 1639 1408 λεγομένῃ
1653 1373 1686 1407 τῇ
1704 1371 1780 1397 πόλει
1791 1371 1871 1405 γίνε-

1079 1429 1124 1448 ται
1136 1441 1144 1454 ,
1161 1421 1199 1452 ὡς
1214 1420 1248 1447 ἂν
1264 1419 1333 1455 μετά
1351 1418 1504 1455 παρρησίας
1520 1418 1588 1454 αὐτῇ
1604 1417 1649 1444 τὸν
1665 1417 1716 1453 τῆς
1738 1416 1873 1452 ἀληθείας

1080 1468 1158 1502 λόγον
1189 1465 1456 1501 ἐγκατασπείραντι,
1485 1464 1532 1492 καὶ
1555 1464 1601 1491 τδν
1632 1464 1680 1490 τοῦ
1715 1463 1874 1499 μαρτυρίου

1081 1513 1277 1549 ἀναδησαμένῳ
1302 1512 1452 1546 στέφανον,
1480 1510 1549 1546 μετά
1577 1509 1732 1546 παρρησίας
1757 1509 1806 1535 καὶ
1832 1508 1875 1543 τῷ

1081 1559 1234 1595 ἀγωνοθέτῃ
1259 1557 1431 1594 παραστῆναι
1460 1556 1520 1592 Θεῷ
1542 1556 1671 1591 γένηται,
1706 1555 1720 1581 ὃ
1751 1554 1784 1590 δὴ
1814 1554 1877 1580 τῶν

1081 1604 1184 1639 ἐφετῶν
1207 1603 1280 1638 αὐτῷ
1302 1603 1334 1630 τὸ
1355 1603 1505 1639 ἀκρότατον
1530 1611 1537 1617 ·
1565 1601 1612 1628 καὶ
1627 1601 1641 1627 ὃ
1658 1601 1705 1636 μοὶ
1729 1599 1836 1636 προῖὼν
1860 1600 1877 1626 ὸ

1081 1649 1159 1684 λόγος
1173 1648 1327 1685 δηλώσειεν.

1123 1696 1166 1723 Ἐν
1195 1695 1284 1722 τοίνυν
1314 1697 1348 1730 τῇ
1380 1694 1499 1730 Παρισίᾳ
1522 1693 1610 1728 ταύτῃ
1632 1692 1798 1726 γενόμενος,
1827 1690 1878 1717 καὶ

1082 1742 1171 1777 πλήρη
1189 1741 1239 1776 τὴν
1256 1740 1333 1767 πόλιν
1363 1740 1492 1771 ἀπιστίας
1508 1737 1615 1774 εὑρὼν,
1633 1737 1726 1764 κάλλει
1748 1736 1801 1771 μὲν
1828 1736 1879 1762 καὶ

1083 1787 1194 1822 μεγέθει
1211 1786 1257 1813 καὶ
1274 1786 1370 1821 πλήθει
1387 1785 1442 1811 τῶν
1457 1786 1487 1811 ὲν
1502 1784 1571 1819 αὐτῇ
1588 1783 1654 1809 πολύ
1670 1791 1698 1808 τι
1712 1781 1770 1808 τῶν
1786 1782 1881 1817 μεγά-

1082 1833 1136 1859 λων
1151 1833 1254 1860 πόλεων
1270 1831 1488 1867 ἀπολειπομένην
1499 1838 1506 1846 ·
1527 1832 1561 1866 τῇ
1579 1830 1608 1856 δὲ
1622 1828 1734 1864 ἀσεϐείᾳ
1749 1828 1882 1863 τοσούτῳ

1083 1877 1177 1905 πασῶν
1193 1877 1346 1913 κρατοῦσαν
1358 1897 1365 1909 ,
1382 1877 1438 1912 ὅσῳ
1463 1876 1529 1912 μηδὲ
1552 1875 1720 1912 παραϐαλεῖν
1741 1874 1883 1901 δύνασθαι

1082 1924 1198 1960 ἀπηνέα-ι
1214 1933 1243 1950 τε
1267 1923 1398 1951 πάντοθεν
1415 1921 1623 1957 ἀπειλημμένην
1643 1922 1802 1956 οἰκήτορσι,
1831 1921 1884 1947 καὶ

1083 1971 1176 2005 ὥσπερ
1199 1970 1253 1996 τινὶ
1281 1969 1374 2004 τειχίῳ
1407 1967 1669 2003 περιπεφραγμένην
1693 1964 1817 2001 ἰσχυρῶς
1845 1967 1882 2001 τῇ

1083 2017 1194 2044 ἐκείνων
1219 2016 1358 2051 ὠμότητι,
1387 2015 1433 2042 καὶ
1465 2014 1568 2049 ταύτην
1599 2012 1657 2040 ἀντ’
1687 2011 1769 2039 ἄλλου
1799 2011 1883 2044 τινὸς

1084 2061 1268 2097 φυλακτηρίου
1294 2061 1474 2096 προῖσχουσαν
1491 2068 1498 2074 '
1525 2058 1612 2090 ἄλλως
1642 2065 1673 2083 τε
1701 2057 1730 2083 δὲ
1756 2056 1810 2085 καὶ
1839 2057 1885 2084 ὅτι

1084 2108 1151 2144 πρὸς
1167 2106 1280 2143 καρπῶν
1301 2107 1428 2135 ἁπάντων
1452 2105 1538 2141 φορὰν
1555 2105 1665 2139 γόνιμος
1680 2101 1715 2138 ἦν
1738 2103 1756 2138 ἡ
1774 2102 1863 2135 πόλις
1874 2123 1883 2134 ,

1084 2155 1130 2181 καὶ
1146 2155 1203 2185 τοῖς
1219 2152 1369 2188 φιλοτίμοις
1386 2153 1468 2178 πᾶσιν
1484 2150 1633 2187 εὑθηνοῦσα
1650 2149 1697 2177 καὶ
1713 2151 1863 2185 περιττοῖς
1874 2172 1884 2181 ,,

1083 2201 1098 2227 ὃ
1120 2201 1167 2227 καὶ
1191 2200 1289 2236 μᾶλλον
1305 2199 1369 2231 τοὺς
1384 2198 1498 2230 πολίτας
1516 2198 1626 2234 ῆὶειφεν
1642 2197 1682 2228 είς
1698 2195 1803 2223 κακίαν
1825 2204 1833 2210 ·
1853 2197 1886 2222 ὲν

247 2254 314 2281 ergo
333 2248 373 2274 sic
392 2247 514 2275 aﬂ'ectam
535 2248 653 2275 venisset
678 2247 834 2279 civitatem,
855 2248 948 2275 obibat
969 2255 1030 2282 per-

1083 2247 1151 2282 αὺτῇ
1166 2246 1255 2272 τοίνυν
1275 2244 1362 2276 οὕτως
1382 2243 1482 2281 ἐχούσῃ
1503 2244 1664 2278 γενόμενος,
1682 2241 1792 2276 περιῄει
1820 2242 1884 2268 ἀνευ

248 2297 375 2321 scrutans
390 2294 413 2321 si
432 2301 512 2326 quem
532 2293 621 2321 locum
639 2298 731 2329 aptum
751 2294 886 2322 inveniret
904 2294 937 2321 ad
956 2295 1034 2329 quie-

248 2342 314 2367 tem.
335 2340 413 2372 Quod
434 2343 523 2366 autem
543 2341 681 2375 quzerebat
698 2345 879 2374 consecutus,
900 2349 949 2376 pro
968 2341 1034 2367 viri-

248 2385 302 2412 bus
318 2386 411 2412 statim
428 2386 559 2420 templum
580 2386 674 2412 hahuit
688 2395 695 2412 :
711 2390 737 2414 et
753 2390 783 2413 ut
803 2387 851 2421 qui
872 2386 900 2413 in
922 2387 1033 2422 regione

248 2431 337 2458 aliena
351 2435 425 2459 esset
442 2431 542 2466 hospes
557 2435 584 2459 et
606 2432 727 2464 advena,
750 2437 777 2459 et
797 2432 898 2459 multos
922 2432 1033 2459 traheret

248 2476 380 2504 adversos
404 2481 516 2512 propter
541 2477 728 2506 diversitatem
752 2478 907 2514 opinionis,
932 2478 1034 2505 excitat

247 2523 399 2550 oratorium
415 2527 444 2550 et
457 2524 586 2558 templum
598 2545 607 2557 ,
624 2523 696 2559 quod
712 2524 792 2559 plane
807 2527 865 2551 erat
881 2524 955 2552 salus
974 2523 1034 2550 ani—

248 2576 366 2597 marum.
386 2569 455 2596 Nam
471 2578 532 2597 cum
548 2571 693 2598 maximam
709 2571 816 2606 piorum
832 2569 1031 2597 mollitudinem

246 2615 278 2644 in
301 2623 335 2643 eo
359 2620 568 2651 congregasset,
592 2621 620 2644 et
643 2623 727 2651 puros
754 2615 954 2643 sacriﬁcatores
979 2615 1033 2643 Deo

247 2660 439 2693 exhibuisset,
459 2666 586 2689 sanctum
614 2669 740 2697 gregem.
767 2666 796 2688 ut
818 2661 902 2688 semel
923 2661 1032 2692 dicam,

247 2708 380 2742 templum
395 2707 498 2741 efficit;
515 2709 596 2743 cujus
617 2709 676 2743 ipse
691 2711 749 2735 erat
772 2712 864 2742 pastor
885 2714 939 2733 non
963 2715 1035 2734 mer-

247 2753 398 2781 cenarius:
426 2754 593 2788 quemlibet,
619 2753 667 2788 qui
693 2753 802 2780 errabat
826 2752 1034 2786 incredulitate,

248 2798 373 2827 veritatis
393 2798 484 2826 ﬁstula
504 2797 540 2824 ad
560 2798 640 2824 Iidem
655 2804 803 2829 revocans,
820 2800 847 2824 et
862 2804 910 2823 eos
924 2796 971 2831 qui
990 2803 1036 2823 er-

251 2852 313 2872 rore
329 2844 512 2878 aegrotabant,
529 2850 630 2871 curans
646 2842 812 2870 salutaribus
829 2842 1036 2869 medicamentis

251 2889 456 2928 Scripturarum
470 2899 476 2917 ε
493 2898 540 2918 eos
556 2895 664 2923 autem,
680 2890 726 2927 qui
741 2890 796 2924 jam
812 2895 891 2918 erant
905 2889 1034 2922 contriti,

1085 2292 1196 2327 ρευνῶν,
1209 2291 1236 2317 εἴ
1247 2299 1299 2316 που
1315 2289 1375 2316 τινὰ
1391 2289 1460 2325 προς
1472 2288 1586 2324 ἡσυχίαν
1600 2287 1675 2323 εὖροι
1689 2287 1773 2313 τόπον
1782 2286 1887 2321 ἑαυτῷ

1083 2336 1245 2372 ἐπιτήδειον.
1277 2334 1332 2361 Καὶ
1362 2334 1395 2370 δὴ
1424 2333 1471 2360 τὸν
1493 2332 1656 2368 ζητούμενον
1677 2330 1768 2365 τυχὼν
1792 2331 1886 2361 ναὸν,

1083 2383 1163 2414 εὐθὺς
1177 2381 1216 2413 ὡς
1231 2382 1248 2416 ἡ
1262 2380 1376 2416 δύναμις
1391 2378 1458 2415 εἶχε,
1474 2378 1522 2406 καὶ
1537 2375 1582 2404 οἷα
1598 2379 1627 2404 ὲν
1642 2377 1774 2412 ἀλλοτρίᾳ
1801 2377 1888 2409 ξένος

1083 2428 1121 2455 ὦν
1136 2429 1238 2459 ἐκεῖνος
1255 2427 1302 2454 καί
1317 2427 1419 2462 ἔπηλυς
1430 2446 1438 2458 ,
1455 2425 1501 2452 καὶ
1517 2424 1631 2455 πολλοὺς
1653 2423 1723 2458 ἔχων
1738 2423 1810 2455 τοὺς
1836 2424 1889 2450 ἀν-

1082 2473 1253 2509 τικειμένους
1268 2473 1314 2500 διὰ
1328 2472 1359 2500 τὺ
1381 2471 1552 2507 ἑτερόδοξον,
1569 2470 1703 2505 ἀνεγείρει
1727 2469 1890 2505 εύκτήρων

1083 2520 1130 2547 καί
1155 2519 1233 2550 ναὸν,
1259 2519 1421 2554 αὐτόχρημα
1450 2516 1587 2552 σωτηρίαν
1607 2514 1712 2550 ψυχῶν.
1737 2515 1890 2550 Πάμτοολυ

1082 2566 1137 2601 γάρ
1152 2574 1179 2592 τι
1196 2564 1297 2599 πλῆθος
1313 2562 1446 2590 θεοσεὸῶν
1469 2563 1498 2589 ὲν
1519 2561 1607 2596 τούτῳ
1624 2559 1792 2594 συναγαγὼν
1803 2580 1814 2591 ,
1836 2560 1890 2586 καὶ

1083 2613 1166 2643 θύτας
1183 2611 1318 2646 καθαροὺς
1332 2610 1372 2645 τῷ
1394 2608 1454 2644 Θεῷ
1474 2607 1736 2642 παραστησάμενος,
1754 2607 1890 2642 ποίμνην

1083 2659 1174 2693 ἁγίαν,
1191 2658 1229 2689 ὼς
1245 2658 1340 2687 εἰπεῖν,
1357 2656 1403 2682 τὸν
1419 2656 1482 2682 ναὸν
1506 2653 1702 2689 ἀπειργάσατο,
1718 2649 1754 2687 ἦς
1770 2654 1891 2688 ποιμὴν

1083 2704 1160 2737 οὗτος
1177 2706 1206 2732 οὐ
1225 2704 1357 2740 μισθωτός
1375 2711 1381 2717 ⁸
1401 2703 1491 2729 πάντα
1505 2701 1550 2728 τὸν
1567 2699 1679 2734 ἀπιστία
1695 2698 1891 2734 πλανώμενον

1084 2753 1117 2787 τῇ
1143 2752 1192 2786 τῆς
1218 2750 1346 2785 ἀληθείας
1372 2749 1482 2783 σύριγγι
1505 2747 1573 2783 πρὸς
1597 2746 1688 2772 πίστιν
1719 2745 1890 2772 ἀνακαλού-

1087 2806 1183 2833 μενος,
1206 2797 1253 2823 καὶ
1268 2796 1333 2826 τοὺς
1357 2795 1407 2830 μὲν
1429 2796 1463 2829 τῇ
1480 2793 1568 2828 πλάνῃ
1584 2790 1730 2818 νοσοῦντας
1747 2793 1812 2822 τοῖς
1833 2800 1892 2817 σῶα

1084 2842 1232 2878 τηριώδεσι
1255 2841 1309 2867 τῶν
1331 2840 1448 2876 Γραφῶν
1471 2839 1625 2875 φαρμάκοις
1651 2835 1789 2872 ἰώμενος,
1821 2837 1892 2867 τοὺς

1086 2889 1113 2918 δὲ
1130 2888 1178 2926 ἤδη
1197 2886 1441 2923 συντετριμμένους
1458 2886 1490 2922 τῇ
1507 2882 1665 2918 διδασκαλίᾳ
1681 2882 1883 2918 καταδεσμὼν
