1950 3065
127 179 179 208 59')
568 179 658 215 VITA,
676 179 839 208 AUCTORE
856 179 1017 208 SYMEONE
1032 179 1299 210 METAPHRASTE.
1688 183 1743 212 598

128 238 172 265 καὶ
189 236 255 273 πρὸς
267 236 317 272 τήν
331 236 458 272 ἀληθινὴν
472 236 546 271 ἄγων
562 237 664 272 ὑγείαν.
674 237 741 263 Ἀλλ’
753 237 828 271 ίναγε
845 237 888 264 καί

940 264 941 267 η
956 237 1080 266 doctrina
1097 239 1227 275 alligans,
1243 243 1270 267 et
1285 238 1319 266 ad
1341 246 1434 267 veram
1450 238 1554 267 ducens
1583 239 1740 269 sanitatem.

125 284 184 311 ὁδὸν
199 285 213 311 ὁ
228 284 306 317 λόγος
321 284 387 319 ἡμῖν
402 283 485 319 προΐῃ
495 303 502 314 ,
520 283 566 310 καὶ
587 283 666 310 τοῦτο
687 283 828 318 τεράστιον
852 284 888 310 τῶ

959 283 1012 312 Sed
1028 289 1058 312 ut
1073 289 1147 313 certa
1162 286 1242 313 nobis
1257 286 1299 313 via
1315 285 1444 320 procedat
1457 286 1556 316 oratio.
1568 286 1620 313 hoc
1632 294 1742 321 quoque

124 331 207 358 αὑτοῦ
220 351 226 362 ,
244 330 282 361 ὡς
298 331 330 357 ἐκ
344 330 398 356 τῶν
414 329 517 356 ἐκείνου
534 329 574 356 ενι
592 329 686 365 μαθεῖν
698 349 705 361 ,
723 329 905 365 διηγήσομαι·

124 376 252 411 Διονυσίῳ
268 376 432 411 θεραπευταὶ
450 375 500 411 μὲν
516 376 561 402 καὶ
576 375 664 412 ἕτεροι
674 396 681 408 ,
699 373 739 407 εἷς
754 375 782 402 δέ
798 384 840 408 τις
855 376 904 402 αὑ-

123 423 178 449 τῶν
194 422 240 449 καὶ
257 421 417 457 Δημόφιλος.
436 421 581 457 Δημοφίλῳ
605 422 633 448 δὲ
658 421 735 453 πόλις
751 422 767 457 ή
783 421 839 448 τῶν
860 421 904 447 Ἀ-

123 467 212 503 θηνῶν
228 467 356 503 ἐπαρχία,
381 467 473 502 σχῆμά
487 475 518 493 τε
535 467 581 494 καὶ
599 467 655 502 βίος
673 468 793 502 μονήρης
804 475 811 482 ·
829 465 860 493 τὸ
875 466 904 492 δὲ

124 514 240 549 μονῆρες
255 513 343 549 τούτῳ
359 514 386 540 αί
403 513 522 549 καθαραὶ
549 512 594 539 καὶ
618 512 828 547 ίεροτελεστικαὶ
844 513 903 538 Διο-

121 559 212 586 νυσίου
230 560 318 594 χεῖρες
335 558 475 584 ἐπέθεσαν.
494 558 575 590 Τάξις
590 557 659 592 αὕτη
676 558 750 592 παρά
766 558 902 584 Διονυσίου

121 605 167 632 καὶ
181 605 334 641 λειτουργία
348 604 387 639 τῷ
401 605 493 639 ἀνδρὶ,
508 605 568 636 ταῖς
583 604 629 630 τοῦ
645 603 710 630 ναοῦ
726 603 824 636 πύλαις
840 605 902 639 ἐφε-

120 651 224 678 στάναι.

155 696 189 722 ’Ὁ
204 695 293 722 τοίνυν
315 694 466 730 Δημόφιλος
490 692 566 726 οὗτος
577 715 584 726 ,
601 694 646 721 τὸν
662 694 757 721 ἑαυτοῦ
781 695 900 730 πρεσϐύ-

116 748 196 775 τερον
220 739 384 775 θεασάμενος
408 740 610 775 ἐπιστραφέντα
639 739 701 765 τινὰ
724 739 792 774 πρὸς
815 740 899 774 μετά-

117 795 190 812 νοιαν
215 785 365 821 συμπαθῶς
390 785 621 821 προσδεξάμενον,
646 785 742 820 πράως
758 786 808 812 οὐκ
823 787 900 820 ἐνεγ-

116 831 188 863 κὼν,
211 831 279 858 ἀλλά
303 831 477 867 χαλεπήνας,
501 831 566 858 είσω
594 839 626 858 τε
656 830 712 857 τῶν
735 830 783 857 τοῦ
806 831 899 858 θυσια-

116 878 227 914 στηρίου
243 877 347 904 ἀδύτων
363 878 524 913 γενόμενος,
542 874 580 904 ὧν
605 877 756 904 ἐπιϐαίνειν
777 878 828 904 οὐκ
849 878 898 904 ἀσ-

114 923 213 958 φαλὲς,
231 923 290 949 οὐδὲ
306 922 473 958 προσψαύειν
490 923 561 949 ὅσιον
573 942 580 953 ,
604 921 824 958 ἐκπομπευθῆναι
847 923 896 957 μὲν
913 916 932 942 Β

112 968 147 995 τὰ
173 969 256 1003 ’Ἅγια
277 968 331 994 τῶν
356 968 442 1002 ἁγίων
461 969 548 999 ποιεῖ,
565 967 612 994 τὸν
627 967 655 994 δέ
670 967 770 1001 ἀγαθὸν
793 969 895 994 ἐκεῖνον

113 1015 189 1050 ἱερέα
211 1015 257 1041 καὶ
279 1015 381 1050 ἥμερον
398 1014 516 1048 πληγαῖς
531 1014 560 1040 οὺ
578 1015 707 1049 φορηταῖς
723 1013 867 1041 ὑποϐάλλει
884 1022 893 1030 η

111 1061 183 1088 κατά
198 1069 229 1087 τε
244 1060 294 1095 τῆς
311 1061 414 1096 κόρρης
431 1060 519 1087 παίων
535 1060 649 1087 ἀντωθεῖ
659 1080 666 1092 ,
684 1059 730 1086 καὶ
748 1060 816 1095 μετά
832 1061 895 1087 πολ-

109 1105 159 1141 λῆς
189 1105 240 1140 τῆς
272 1106 363 1138 αἰδοῦς
393 1106 540 1141 προσιόντα
571 1106 692 1142 θρασέως
707 1105 892 1140 ἀπολακτίζει,

108 1152 195 1187 ἀσεϐῆ
211 1151 296 1186 λέγων
313 1152 359 1178 καὶ
375 1151 528 1187 ἀλιτήριον,
544 1152 592 1178 τὸν
608 1152 756 1187 ἀγαθότητι
771 1153 894 1188 παρορᾷν

108 1198 260 1234 ἠξιωμένον
274 1198 308 1225 τὰ
325 1198 372 1225 τοῦ
388 1198 451 1225 λαοῦ
465 1199 640 1234 ἁγνοήματα,
656 1198 701 1225 καὶ
717 1198 756 1233 τῷ
772 1199 894 1234 ἀρχιερεῖ

107 1245 237 1280 Διονυσίῳ
254 1244 300 1271 καὶ
319 1243 492 1280 ἀρχιποιμένι
503 1263 510 1276 ,
525 1244 563 1275 ὡς
580 1244 650 1279 μέγα
665 1252 692 1270 τι
709 1244 776 1279 πρὸς
793 1245 892 1280 ἀρετὴν

105 1290 295 1325 εἰργασμένος,
312 1290 485 1325 διαχαράττει
501 1289 531 1316 τὸ
546 1290 666 1324 γεγονὸς,
683 1290 738 1317 ἀνω
754 1291 801 1317 καὶ
816 1291 891 1318 κάτω

105 1335 227 1370 θρυλλῶν
252 1337 301 1371 τῆς
317 1334 446 1371 θρασείας
472 1336 579 1370 ἐκείνης
605 1337 766 1372 ἐπιστολῆς,
788 1337 826 1369 ὡς
841 1337 891 1373 οὐχ

104 1381 200 1408 ἑαυτὸν
225 1381 342 1417 μᾶλλον,
365 1381 432 1408 ἀλλὰ
455 1381 501 1408 καὶ
524 1382 569 1408 τὸν
594 1382 661 1409 Θεὸν
677 1383 839 1418 ἐκδικήσειε.
859 1383 890 1410 Τί

102 1425 150 1454 οὖν
172 1429 293 1460 ἐκεῖνος;
311 1426 355 1463 ἄρ’
378 1427 396 1463 ἢ
419 1427 449 1454 τὸ
465 1427 519 1454 τῶν
535 1428 639 1455 πολλῶν
663 1429 779 1462 ἔπαθεν,
805 1429 820 1465 ἢ
844 1430 889 1456 καὶ

104 1474 202 1510 μικρὸν
227 1473 294 1506 ὅλως
318 1474 369 1510 τῆς
397 1474 547 1510 συντρόφου
573 1475 734 1510 μεταϐαλεῖν
759 1476 888 1511 ἐνομίσθη

102 1520 302 1556 χρηστότητος;
335 1519 483 1555 οὖμενουν,
514 1522 564 1548 οὐκ
594 1521 668 1549 ἐστιν
698 1522 801 1549 εἰπεῖν’
834 1522 888 1549 οὐδ’

100 1566 175 1602 ἔργῳ
196 1566 242 1593 τὸν
264 1567 443 1602 ἡμαρτηκότα
473 1567 610 1603 ἠμύνατο,
638 1567 706 1594 ἀλλὰ
730 1567 802 1604 λόγῳ
824 1567 889 1602 θείῳ

101 1611 151 1638 καὶ
179 1611 344 1647 σωτηριώδει
356 1613 520 1640 πεπαίδευκε
532 1622 540 1628 ·
556 1613 606 1649 τὴν
620 1613 687 1649 πρὸς
703 1613 802 1650 ἀρετὴν
817 1614 884 1649 ὁμοῦ

99 1657 147 1684 καὶ
164 1659 254 1684 πᾶσαν
269 1658 418 1694 εὐκοσμίαν
432 1658 570 1686 τυποῦσάν
585 1669 615 1686 τε
633 1660 679 1686 καὶ
703 1661 884 1696 ῥυθμίζουσαν

98 1704 208 1740 ἐκείνην
232 1703 340 1740 γράψας
356 1704 499 1739 ἐπιστολὴν
511 1725 518 1736 ,
536 1705 582 1731 καὶ
600 1706 753 1741 πραότητος
778 1706 885 1734 ὑπόδει-

98 1758 157 1785 γμα
171 1750 217 1776 τὸν
239 1749 360 1786 Ἀαρὼν,
377 1750 424 1777 τὸν
438 1750 520 1777 Δαυὶδ
530 1771 537 1782 ,
558 1751 603 1777 καὶ
620 1752 728 1788 ἐτέρους
745 1760 885 1789 παραστη-

97 1795 233 1831 σάμενος·
256 1794 290 1832 ἦς
311 1796 353 1823 ίνα
369 1797 419 1832 τὴν
435 1797 517 1832 ἀλλην
535 1798 602 1833 πρὸς
624 1799 654 1825 τὸ
676 1798 778 1832 ἀγαθὸν
801 1807 885 1825 κατα-

97 1841 169 1867 λίπω
190 1841 379 1877 παράκλησιν,
398 1842 464 1870 ἀλλὰ
480 1843 530 1879 τῆς
552 1844 691 1879 ὁράσεως,
717 1842 752 1880 ἦς
773 1844 883 1877 διέξεισι

96 1886 166 1922 πρὸς
187 1887 268 1914 αὑτὸν
283 1888 321 1920 ὡς
337 1888 390 1915 ὑπὸ
405 1889 452 1915 τοῦ
469 1889 524 1916 τῶν
540 1890 625 1924 ἁγίων
641 1890 794 1927 θεαθείσης,
814 1899 882 1927 μνη-

96 1932 248 1969 σθήσομαι.
265 1933 330 1970 Εἶχε
345 1934 373 1961 δὲ
389 1935 460 1962 κατά
475 1935 547 1969 λέξιν
562 1936 662 1968 οὕτως’

133 2021 279 2058 Γενόμενόν
305 2025 338 2060 μέ
361 2034 426 2052 ποτε
451 2026 522 2053 κατὰ
547 2027 596 2062 τὴν
619 2028 748 2063 Κρήτην,
773 2030 788 2055 ὁ
810 2029 882 2065 ἱερὸς

96 2066 284 2104 ἐξεναγώγησε
301 2071 428 2106 Κάρπος,
447 2073 532 2108 ἀνὴρ,
546 2073 592 2099 καὶ
609 2073 636 2100 εἴ
650 2083 693 2106 τις
714 2074 792 2106 ἀλλος
804 2096 811 2107 ,
838 2075 881 2102 διὰ

93 2112 195 2149 πολλὴν
211 2114 384 2151 καθαρότητα
401 2116 446 2143 νοῦ
463 2118 532 2153 πρὸς
547 2118 675 2145 θεοπτίαν
697 2120 880 2155 ἐπιτηδειότα-

93 2165 140 2188 τος
158 2165 164 2172 ·
182 2159 229 2184 καὶ
245 2159 310 2193 γοῦν
325 2160 386 2187 οὐδὲ
401 2163 462 2193 ταῖς
478 2162 569 2196 ἁγίαις
586 2163 640 2189 τῶν
658 2164 816 2200 μυστηρίων
837 2173 881 2191 τε-

93 2203 184 2236 λεταῖς
216 2206 369 2242 ἐνεχείρει,
397 2207 434 2243 μὴ
464 2208 598 2244 πρότερον
630 2209 705 2245 αὑτῷ
736 2210 805 2237 κατά
830 2210 880 2242 τὰς

956 330 1017 365 cjus
1031 331 1190 359 admirabile
1201 351 1208 364 ,
1225 335 1254 358 ut
1270 339 1302 359 ex
1318 332 1392 359 illius
1407 332 1531 367 epistolis
1552 332 1617 360 sciri
1636 337 1739 367 potest.

955 377 1083 404 narrabo.
1117 376 1214 404 Plures
1245 377 1356 412 quidem
1383 382 1462 405 erant
1489 377 1620 413 Dionysio
1649 378 1741 405 thera-

955 426 1056 456 peutze,
1074 430 1146 450 unus
1161 427 1252 450 autem
1267 430 1301 450 ex
1315 422 1349 450 iis
1364 426 1423 449 erat
1441 423 1523 450 etiam
1546 423 1738 458 Demophilus,

954 466 1001 501 qui
1015 467 1084 500 civis
1098 471 1157 494 erat
1173 467 1322 503 provinciae
1339 467 1515 496 Atheniensis
1525 489 1533 502 ,
1549 469 1699 504 habituque
1712 475 1739 497 et

954 512 1009 539 vita
1025 513 1192 546 monachus;
1207 513 1399 540 monachatum
1413 517 1503 542 autem
1515 514 1541 541 ei
1552 514 1739 548 imposuerant

953 565 1028 591 pura:
1049 558 1130 594 347
1154 562 1182 586 et
1204 559 1293 586 sacris
1315 559 1456 587 initiantes
1475 567 1573 587 manus
1596 559 1736 596 Dionysii;

952 603 1021 630 ordo
1039 604 1085 631 hic
1108 608 1135 632 et
1162 605 1347 633 ministerium
1372 606 1431 633 viro
1453 606 1498 633 isti
1513 614 1529 633 a
1545 606 1689 642 Dionysio,
1705 610 1736 635 ut

953 654 1081 683 praeesset
1093 649 1185 684 januis
1199 650 1303 686 templi.

987 694 1037 722 Hic
1064 703 1131 730 ergo
1158 695 1334 731 Demophilus
1358 704 1420 724 cum
1447 697 1594 733 aliquando
1622 698 1736 726 vidisset

950 748 1029 767 suum
1050 741 1255 777 presbyterum,
1271 743 1418 777 quemdam
1442 743 1554 778 impium
1571 748 1653 779 atque
1671 751 1735 779 pec-

949 792 1069 813 catorem
1089 786 1122 813 ad
1142 787 1331 821 paenitentiam
1351 795 1514 815 conversum
1527 807 1534 821 ,
1554 789 1647 823 illique
1671 796 1735 823 pro-

949 832 1084 859 cidentem
1105 832 1320 861 misericorditer
1335 833 1490 868 excepisse,
1511 833 1622 860 minime
1640 834 1733 861 leviter

949 878 1055 911 ferens,
1071 883 1099 906 at
1111 879 1291 908 exacerbatus
1305 883 1334 907 et
1352 879 1424 907 intra
1439 879 1552 907 sacrarii
1565 879 1645 914 adyta
1660 880 1734 908 exsi-

947 928 1022 952 stens
1036 933 1097 960 quae
1118 925 1224 961 ingredi
1245 933 1416 961 nequaquam
1433 929 1531 958 tutum,
1547 933 1636 961 neque
1650 925 1733 952 attin-

947 978 1010 1005 gere
1026 976 1169 1004 sanetum,
1186 971 1288 999 Sancta
1308 978 1465 1000 sanctorum
1486 972 1594 1007 publice
1614 972 1732 1000 ludibrio

945 1017 1039 1044 haberi
1064 1016 1149 1050 facit,
1174 1018 1276 1045 bonum
1300 1022 1389 1045 autem
1417 1018 1492 1044 illum
1516 1017 1684 1046 sacerdotem
1704 1021 1733 1045 et

944 1068 1116 1090 mansuetum
1144 1063 1231 1098 plagis
1252 1063 1472 1091 intolerabilibus
1495 1063 1624 1098 subjicit,
1646 1067 1731 1098 atque

944 1108 971 1136 in
990 1109 1087 1136 faciem
1105 1109 1261 1144 percutiens
1279 1109 1424 1142 obnititur,
1444 1113 1471 1137 et
1490 1117 1553 1136 cum
1570 1117 1668 1144 magna
1688 1117 1732 1137 re-

945 1155 1065 1182 verentia
1085 1155 1277 1188 accedentem,
1305 1155 1435 1183 audacter
1458 1155 1580 1183 calcibus
1605 1155 1733 1190 repellit,

943 1200 1057 1235 impium
1078 1208 1110 1228 ac
1134 1201 1278 1228 scelestum
1300 1201 1395 1228 dicens
1417 1208 1480 1228 eum
1502 1201 1550 1235 qui
1571 1207 1603 1228 ex
1624 1201 1730 1227 miseri—

941 1245 1036 1272 cordia
1052 1246 1145 1281 populi
1160 1246 1331 1282 ignorantias
1352 1246 1494 1280 despicere
1523 1246 1680 1278 statuisset,
1703 1250 1731 1272 et

942 1290 1072 1327 Dionysio
1088 1292 1232 1327 episeopo,
1248 1296 1330 1328 atque
1345 1297 1484 1327 pastorum
1502 1292 1635 1327 principi,
1650 1291 1731 1326 quasi

942 1344 1069 1372 magnum
1103 1337 1170 1372 quid
1191 1338 1228 1366 ad
1256 1338 1388 1365 virtutem
1414 1337 1567 1369 eii'ecisset,
1596 1336 1732 1364 describit

940 1384 1014 1418 quod
1033 1383 1188 1416 acciderat,
1215 1391 1319 1419 susque
1338 1383 1426 1418 deque
1442 1383 1551 1418 iactans
1565 1383 1592 1410 in
1611 1383 1660 1410 illa
1677 1390 1728 1410 au-

939 1429 1000 1456 daci
1012 1429 1144 1464 epistola,
1158 1429 1232 1464 quod
1252 1436 1306 1456 non
1327 1433 1382 1456 tam
1402 1428 1521 1463 seipsum
1540 1436 1622 1463 quam
1642 1428 1726 1456 Deum

940 1476 1016 1503 ultus
1033 1480 1117 1503 esset.
1132 1476 1204 1509 Quid
1217 1483 1283 1512 ergo
1298 1476 1366 1503 ille?
1379 1476 1468 1508 Num,
1483 1479 1512 1502 ut
1527 1476 1625 1510 vulgus
1640 1475 1726 1507 solet,

939 1520 990 1548 fuit
1009 1522 1101 1549 animo
1120 1521 1317 1556 perturbatus?
1331 1525 1379 1548 aut
1398 1525 1541 1556 reputalus
1555 1524 1598 1548 est
1616 1521 1658 1548 vel
1677 1527 1727 1555 pa-

939 1574 1000 1593 rum
1015 1567 1080 1601 quid
1097 1567 1210 1594 omnino
1233 1567 1384 1595 mutavisse
1406 1567 1441 1594 de
1461 1575 1494 1594 ea
1518 1566 1640 1594 bonitate
1662 1573 1726 1601 quae

938 1612 964 1640 ei
977 1612 1138 1640 coaluerat?
1151 1612 1209 1640 Hoc
1224 1612 1336 1641 minime
1349 1613 1404 1640 dici
1424 1616 1525 1647 potest.
1546 1612 1639 1647 Neque
1651 1612 1725 1640 enim

938 1657 1011 1685 facto
1026 1658 1100 1685 ultus
1116 1662 1157 1685 est
1171 1666 1249 1690 eum,
1269 1658 1317 1693 qui
1336 1661 1517 1693 peccaverat;
1538 1658 1585 1685 sed
1607 1657 1679 1684 facto
1698 1662 1728 1685 et

937 1711 1063 1731 sermone
1077 1705 1191 1731 salutari
1205 1704 1320 1737 erudiit,
1334 1712 1395 1739 quae
1413 1704 1494 1732 simul
1510 1703 1542 1730 ad
1557 1704 1686 1731 virtutem
1697 1707 1725 1731 et

936 1757 1044 1778 onmem
1058 1750 1272 1778 moderationem
1290 1750 1420 1777 informat
1435 1755 1462 1778 et
1477 1750 1634 1785 componit.
1651 1749 1725 1777 illam

936 1795 1061 1823 scribens
1079 1796 1226 1831 epistolam
1238 1816 1246 1829 ,
1267 1800 1294 1824 et
1312 1797 1465 1831 exemplum
1485 1795 1703 1823 mansuetudinis
1714 1815 1725 1828 ,

935 1841 1042 1874 Aaron,
1063 1841 1166 1873 David.
1185 1845 1213 1869 et
1233 1842 1302 1870 alios
1322 1842 1473 1870 adducens.
1493 1841 1579 1877 Cujus
1598 1845 1628 1868 ut
1647 1840 1726 1868 omit-

935 1891 991 1914 tam
1015 1888 1097 1915 aliam
1124 1888 1158 1915 ad
1183 1888 1285 1915 bonum
1309 1888 1548 1921 exhortationem,
1573 1887 1724 1916 meminero

934 1937 1010 1961 certe
1034 1934 1168 1966 visionis,
1194 1942 1277 1970 quam
1303 1934 1328 1962 ei
1354 1939 1466 1967 narrat,
1493 1938 1522 1962 ut
1545 1941 1606 1969 qua:
1626 1937 1728 1961 sancto

933 1979 1023 2014 Carpo
1042 1980 1211 2015 apparuerit.
1232 1981 1278 2008 Sic
1296 1985 1388 2009 autem
1404 1989 1434 2008 se
1449 1981 1530 2008 habet
1545 1980 1579 2007 ad
1596 1980 1725 2008 verbum:

969 2024 1038 2051 Cum
1053 2025 1200 2060 aliquando
1217 2025 1246 2052 in
1261 2025 1370 2053 Cretam
1385 2025 1521 2052 venissem
1532 2044 1540 2058 ,
1556 2033 1600 2052 me
1615 2025 1726 2060 Carpus

933 2069 1054 2104 hospitio
1072 2069 1196 2104 excepit,
1223 2069 1275 2100 vir,
1297 2069 1320 2096 si
1340 2069 1402 2104 quis
1420 2069 1508 2101 alius,
1528 2072 1639 2103 propter
1664 2076 1722 2095 ma-

933 2122 1015 2149 gnam
1029 2115 1130 2142 mentis
1145 2115 1291 2150 puritatem
1308 2114 1342 2141 ad
1356 2114 1522 2142 cernendum
1538 2114 1621 2141 Deum
1636 2113 1722 2148 aptis--

934 2160 1030 2188 sin-us.
1051 2160 1145 2195 Neque
1163 2161 1236 2187 enim
1256 2168 1352 2188 sacros
1371 2161 1565 2196 mysteriorum
1585 2163 1654 2186 ritus
1674 2167 1721 2194 ag-

933 2207 1127 2242 grediebatur,
1150 2207 1203 2235 nisi
1227 2207 1303 2242 prius
1323 2207 1375 2241 ipsi
1397 2207 1425 2234 in
1442 2206 1477 2233 iis
1496 2205 1643 2241 precibus,
1661 2213 1722 2240 qua:

92 2249 266 2284 προτελείους
296 2252 397 2287 εὐχὰς,
423 2254 499 2289 ἱερᾶς
531 2254 577 2281 καὶ
601 2255 734 2291 εὐμενοῦς
757 2256 880 2292 ὁράσεως

940 2257 1012 2280 intea
1027 2253 1121 2288 pertici
1137 2254 1243 2285 solent,
1261 2260 1341 2280 sacra
1358 2256 1385 2280 et
1405 2252 1466 2279 iacta
1488 2251 1660 2287 apparuisset
1679 2251 1720 2278 vi—

92 2295 315 2331 ὲπιφαινομένης.
335 2297 446 2332 Ἔλεγεν
468 2297 531 2331 οὖν,
557 2300 614 2332 ὃτι,
637 2300 819 2337 λελυπηκότος
834 2301 883 2328 αὺ-

91 2339 139 2364 τόν
155 2348 220 2366 ποτε
240 2341 296 2367 τῶν
311 2343 432 2370 ἀπίστων
448 2344 520 2376 τινὸς
532 2365 540 2377 ,
559 2345 568 2381 (
578 2346 594 2380 ή
617 2345 689 2381 λύπη
713 2347 742 2373 δὲ
763 2345 815 2382 ἦν,
840 2348 881 2374 ὅτι

90 2384 143 2420 τῆς
164 2385 326 2422 Ἑκκλησίας
351 2390 453 2422 ἐκεῖνος
481 2391 542 2418 τινὰ
559 2392 628 2427 πρὸς
653 2393 684 2419 τὺ
708 2393 786 2420 ἄθεον
810 2395 880 2421 ἀπε-

91 2429 250 2466 πλάνησεν·)
275 2432 315 2459 ἔτι
339 2434 394 2461 τῶν
416 2435 536 2471 Ἰλαρίων
559 2437 669 2473 ἡμερῶν
694 2437 768 2473 αὐτῷ
791 2438 880 2465 τελου-

93 2476 202 2512 μένων,
225 2477 284 2504 ὁέον
315 2479 478 2517 ἀμφοτέρων
506 2483 706 2519 ἀγαθοπρεπῶς
730 2484 880 2520 ὑπερεύξα-

90 2521 172 2554 σθαι,
192 2523 238 2550 καὶ
260 2524 326 2551 Θεὸν
350 2527 460 2562 σωτῆρα
485 2528 656 2565 συλλήπτορα
673 2530 806 2562 λαϐόντα,
832 2532 878 2558 τὸν

91 2568 143 2604 μὲν
158 2569 321 2605 ἐπιπρέψαι
337 2583 347 2603 ,η
361 2572 408 2598 τὸν
424 2572 452 2600 δέ
467 2573 616 2609 ἀγαθότητι
632 2576 757 2610 νικῆσαι,
775 2576 822 2603 καὶ
840 2577 878 2612 μὴ

87 2614 223 2642 διαλιπεῖν
240 2616 417 2645 νουθετοῦντα
432 2619 475 2646 διὰ
493 2619 551 2654 βίου
568 2621 669 2652 παντὸς
681 2641 688 2653 ,
705 2621 784 2657 ἄχρις
799 2620 830 2650 οὗ
845 2622 877 2649 τὸ

89 2660 228 2696 σήμερον,
247 2663 293 2690 καὶ
309 2663 396 2696 οὕτως
413 2665 458 2691 ἐπὶ
474 2665 524 2701 τὴν
540 2665 616 2693 θείαν
639 2667 738 2699 αὐτοὺς
762 2668 876 2702 ἀγαγεῖν

88 2706 189 2741 γνῶσιν
201 2728 208 2740 ,
225 2708 262 2741 ὡς
273 2709 306 2736 ἂν
321 2709 371 2745 ἤδη
388 2711 434 2737 καὶ
450 2711 505 2737 τῶν
520 2711 769 2748 ἀμφισϐητησίμων
784 2713 875 2746 αὐτοῖς

88 2755 255 2789 κρινομένων
266 2775 273 2787 ,
291 2756 337 2782 καὶ
352 2756 407 2783 τῶν
422 2757 526 2791 ἀλόγως
542 2758 749 2794 θρασυνομένων
770 2759 875 2795 ἐννόμῳ

86 2798 150 2835 δίκῃ
174 2803 322 2836 σωφρονεῖν
337 2802 579 2839 ἀναγκαζομένων·
604 2803 662 2831 ἀλλ’
679 2805 708 2830 ἐν
730 2804 820 2840 ἐαυτῷ
837 2805 875 2841 μὴ

89 2845 222 2881 πρότερον
236 2847 316 2874 τοῦτο
332 2848 426 2876 παθὼν
442 2869 448 2880 ,
469 2850 519 2876 οὐκ
534 2849 583 2876 οἷδ’
600 2850 674 2882 ὅπως
690 2851 751 2877 τότε
774 2851 874 2887 πολλήν

87 2898 149 2918 τινα
164 2891 212 2928 τὴν
228 2893 389 2930 δυσμένειαν
406 2896 451 2923 καὶ
469 2896 517 2934 τὴν
537 2897 647 2933 πικρίαν
665 2896 778 2933 ἐντήξας
804 2898 873 2924 ἐκοι-

933 2298 985 2326 sio.
1011 2297 1037 2326 Is
1058 2299 1168 2333 quidem
1189 2298 1341 2329 narrabat,
1363 2305 1427 2324 cum
1447 2305 1463 2323 a
1477 2296 1611 2332 quodam,
1632 2296 1678 2331 qui
1705 2304 1720 2323 a

933 2345 984 2372 lide
1001 2345 1186 2380 religioneque
1204 2349 1299 2372 nostra
1317 2344 1490 2375 abhorreret,
1512 2343 1582 2370 forte
1599 2341 1728 2372 oti'ensus.

930 2395 1005 2419 esset
1021 2392 1030 2427 (
1043 2391 1163 2419 tristitiae
1177 2395 1268 2418 autem
1282 2398 1366 2418 causa
1382 2393 1456 2421 erat,
1471 2389 1544 2424 quod
1560 2389 1605 2417 ille
1619 2390 1654 2417 ab
1669 2389 1720 2416 Ec-

930 2437 1014 2464 clesia
1039 2438 1186 2472 quemdam
1211 2437 1245 2464 ad
1271 2437 1387 2472 impium
1412 2437 1516 2464 cultum
1542 2433 1722 2466 traduxerat).

930 2488 988 2510 tum
1005 2491 1069 2510 cum
1089 2483 1184 2515 etiam,
1204 2482 1239 2510 ab
1259 2483 1319 2518 ipso
1340 2482 1510 2518 (Christiano
1527 2485 1638 2517 propter
1668 2479 1722 2507 ba-

926 2529 1068 2566 ptismum)
1085 2528 1183 2555 hilaria
1208 2532 1372 2563 agerentur,
1403 2535 1465 2555 cum
1495 2527 1640 2562 benignam
1668 2534 1719 2561 pro

929 2579 1046 2609 utroque
1070 2574 1104 2601 ad
1132 2573 1217 2601 Deum
1246 2574 1432 2608 precationem
1458 2573 1572 2601 fundere
1603 2579 1725 2605 necesse.

927 2625 1019 2653 esset,
1036 2620 1147 2656 Deoque
1167 2625 1307 2649 servatore
1326 2620 1454 2655 adjutore
1471 2620 1617 2655 adjuncto,
1639 2618 1716 2645 illum

926 2667 1037 2702 quidem
1064 2672 1239 2699 convertere,
1260 2667 1333 2695 hunc
1352 2671 1444 2694 autem
1463 2667 1573 2694 vincere
1591 2664 1716 2698 benigni-

926 2718 999 2746 tate,
1014 2721 1065 2741 nec
1084 2713 1220 2741 desistere
1239 2714 1387 2741 admonere
1409 2720 1455 2748 per
1474 2720 1554 2739 omne
1569 2711 1630 2738 vitm
1646 2715 1715 2737 tem-

927 2768 978 2795 pus
994 2768 1081 2795 usque
1096 2760 1130 2788 ad
1145 2760 1218 2788 hunc
1234 2760 1325 2795 ipsum
1339 2760 1410 2787 diem
1422 2779 1429 2791 ,
1446 2763 1528 2794 atque
1548 2758 1585 2785 ita
1605 2757 1718 2787 demum

925 2813 972 2834 eos
987 2806 1021 2833 ad
1035 2805 1083 2833 Dei
1098 2806 1224 2833 notitiam
1240 2806 1391 2838 deducere,
1404 2805 1578 2839 δήεπψωει
1592 2802 1648 2836 jam
1664 2809 1694 2829 ea
1706 2822 1716 2832 ,

926 2850 960 2878 dc
977 2851 1078 2886 quibus
1097 2855 1177 2878 antea
1195 2851 1371 2880 dubitarent,
1392 2849 1541 2884 dijudicala
1560 2851 1666 2879 essent,
1686 2851 1719 2876 ct,

927 2897 960 2925 ab
978 2897 1011 2925 iis
1026 2905 1086 2937 qua:
1100 2896 1303 2925 inconsiderate
1319 2895 1378 2924 ausi
1395 2897 1505 2928 essent,
1524 2894 1640 2929 legitime
1656 2900 1718 2929 ναι-η
