1950 3065
789 145 826 175 ’8.
843 146 992 176 DIONYSII
1010 146 1242 175 ABEOPAGITE

215 212 266 236 nas
284 203 376 232 dando
392 203 558 240 resipiscere
576 208 760 240 cogerentur;
780 209 838 232 tum
856 210 948 233 tamen
976 205 1003 232 id

1056 204 1129 240 μήθη
1147 214 1154 220 ·
1172 205 1324 241 κατεδάρθη
1342 205 1392 241 μὲν
1403 226 1412 238 ,
1429 205 1500 233 οὕτω
1516 205 1607 237 κακῶς
1622 206 1691 242 ἔχων
1708 215 1715 222 ·
1733 207 1836 244 ἑσπέρα

214 250 288 287 quod
298 258 439 286 nunquam
451 251 503 279 sibi
514 251 699 284 usuvenissct,
712 251 785 280 haud
796 252 854 280 scio
864 251 1002 287 quomodo

214 305 314 333 magno
328 297 448 332 quodam
461 301 489 325 et
504 298 604 325 acerbo
619 297 702 324 animi
716 297 812 325 dolore
827 297 983 325 confectum
993 318 1001 330 .

214 344 299 380 quieti
315 352 346 371 se
353 344 473 376 dedisse,
485 351 517 371 ac
528 344 639 379 quidem
650 344 796 372 dormiisse
809 344 847 372 ita
858 344 929 373 male
936 344 1002 372 ail‘e-

214 394 288 416 ctum
315 389 394 425 (erat
414 390 486 418 enim
501 390 656 425 vespera);
677 390 768 418 media
784 393 875 418 autem
891 391 1004 419 circiter

214 439 295 463 nocte
306 435 415 472 (solitus
428 436 501 462 enim
512 441 570 463 erat
584 436 635 463 hoc
646 441 771 471 tempore
782 444 830 472 per
844 444 874 464 se
886 437 920 469 ad
932 436 1004 464 divis-

215 489 266 512 nos
277 483 393 518 hymnos
410 482 545 519 vigilare)
562 483 716 511 surrexisse
732 483 858 519 quidem,
875 491 937 511 cum
953 491 1004 511 nec

214 536 341 557 somnum
357 529 446 564 ipsum
462 529 508 563 qui
525 529 598 556 altus
612 527 729 562 fuisset,
749 533 777 556 et
795 537 903 564 semper
920 529 1005 556 inter-

217 580 333 611 ruptus,
354 576 415 602 sine
434 575 643 603 couturbatione
662 575 801 610 cepisset;
820 578 937 603 stantem
963 578 1004 601 ta-

214 630 276 650 men
306 621 340 648 ad
369 621 462 648 divina
494 621 631 656 colloquia
644 641 652 654 ,
672 621 826 656 irreligiose
841 621 963 648 doluisse
979 625 1006 648 et

214 668 312 696 acerbe
324 668 436 699 tulisse,
452 667 586 695 dicentem
601 675 656 695 non
672 675 736 701 esse
747 674 857 702 aequum
870 668 944 695 viros
955 667 1006 694 im-

213 714 274 749 pios
292 714 403 745 vivere,
423 717 451 741 et
469 714 517 748 qui
541 714 601 741 vias
629 713 736 741 Domini
755 718 846 741 rectas
867 716 1005 748 perverte-

213 764 294 794 rent;
313 760 370 788 hac
384 761 531 791 dicentem,
547 763 689 795 precatum
705 767 768 787 esse
790 767 806 787 a
822 759 887 791 Deo,
906 763 934 786 ut
949 766 1006 786 am-

213 806 311 836 borum
328 807 410 833 vitam
426 806 486 834 sine
495 805 682 834 misericordia
694 806 803 833 turbine
820 805 911 840 aliquo
927 806 1006 840 igneo

214 853 397 887 abrumperet.
423 852 489 886 Quae
520 860 583 880 cum
615 852 748 884 dixisset,
777 851 1006 879 commemorabat

213 906 246 927 se
259 898 349 927 visum
365 905 427 926 esse
441 899 535 926 videre
549 903 663 933 repente
679 898 793 925 domum
809 898 837 925 in
851 905 905 933 qua
920 902 1006 925 staret

214 945 312 980 agitari
326 944 466 980 primum,
482 945 583 973 deinde
606 952 621 971 a
643 945 746 973 vertice
770 945 798 972 in
823 945 893 972 duas
915 947 1006 979 partes

213 990 343 1019 dimidias
357 991 456 1023 dividi,
472 995 499 1019 et
516 996 578 1019 ante
599 999 629 1019 se
645 999 740 1026 rogum
756 991 900 1027 quemdam
915 991 1006 1025 magni

214 1037 328 1064 luminis
338 1058 346 1070 ,
361 1044 479 1072 eumque
492 1038 503 1073 (
516 1037 568 1065 sub
587 1037 633 1064 dio
646 1037 719 1065 enim
735 1037 813 1064 locus
828 1037 874 1064 ille
888 1044 951 1064 esse
965 1036 1005 1063 vi—

213 1081 351 1118 debatur)
367 1091 382 1110 e
395 1083 466 1110 omlo
480 1091 568 1118 usque
583 1083 617 1110 ad
632 1083 754 1118 seipsum
770 1082 871 1110 deferri
884 1092 891 1109 :
904 1083 1005 1110 cmlum

212 1134 280 1154 vero
300 1130 444 1161 apertum,
466 1131 493 1154 et
515 1128 544 1154 in
567 1134 689 1155 convexa
710 1128 773 1155 cmli
796 1127 943 1163 superﬁcie
961 1125 1006 1154 Je-

213 1180 292 1204 sum,
313 1173 508 1200 assistentibus
536 1173 783 1202 innumerabilibus
806 1173 911 1208 angelis
926 1194 934 1206 ,
956 1173 1007 1200 ho-

212 1219 317 1246 m‘num
334 1218 419 1254 figura
431 1223 460 1247 et
475 1220 575 1254 specie.
600 1219 691 1255 Atque
706 1220 764 1247 haec
777 1219 889 1254 quidem
903 1227 919 1246 a
934 1220 1005 1247 caelo

212 1265 300 1293 videri
319 1273 425 1293 summa
448 1274 513 1294 cum
536 1274 586 1303 sua
609 1266 801 1294 admiratione.
824 1266 893 1294 Cum
914 1271 1004 1294 autem

213 1310 273 1344 ipso
287 1310 416 1338 deorsum
431 1311 526 1339 oculos
541 1311 726 1339 convertisset
735 1330 743 1343 ,
757 1318 874 1338 cernere
887 1318 917 1338 se
931 1310 1005 1337 dice-

212 1355 260 1385 bat
273 1355 356 1383 etiam
370 1359 473 1383 terram
490 1355 578 1390 ipsum
598 1356 635 1382 ita
655 1354 838 1386 discessisse,
856 1358 886 1380 ut
905 1353 1005 1381 obscu-

212 1408 262 1429 rus
275 1400 388 1436 quidam
406 1405 435 1429 et
453 1401 646 1429 tenebricosus
666 1400 758 1428 hiatus
777 1400 911 1428 exsistere
930 1399 1006 1426 vide~

213 1451 309 1477 retur:
335 1451 418 1482 atque
445 1447 571 1475 homines
598 1446 710 1482 quidem
734 1446 796 1474 illos
815 1446 917 1481 quibus
936 1446 1006 1474 male

213 1496 342 1528 precatus
365 1498 454 1526 esset,
477 1497 542 1521 ante
565 1501 595 1522 se
617 1493 652 1520 ad
675 1500 708 1521 os
730 1493 824 1520 hiatus
849 1498 923 1520 stare
950 1496 1006 1520 tre-

213 1542 321 1567 mentes
334 1542 362 1566 et
376 1539 509 1572 miseros,
525 1543 553 1567 et
568 1540 616 1575 qui
634 1539 691 1567 fere
707 1547 762 1574 prae
777 1539 878 1574 pedum
893 1547 1004 1566 suorum

213 1584 394 1614 instabilitate
421 1585 666 1621 demergerentur:
697 1585 732 1613 ab
757 1585 889 1612 inferiore
912 1589 1003 1612 autem

215 1629 275 1657 loco
293 1637 326 1658 ex
344 1630 421 1658 hiatu
447 1638 552 1666 angues
576 1639 688 1659 sursum
714 1639 841 1668 serpere,
863 1635 946 1666 atque
969 1631 1004 1659 ad

212 1684 309 1704 eorum
328 1677 430 1712 pedes,
454 1685 517 1705 cum
538 1678 640 1706 sensim
662 1682 849 1709 moverentur,
865 1677 1003 1706 interdum

212 1723 324 1759 quidem
339 1724 448 1752 trahere
467 1725 647 1761 complicatos
662 1725 743 1753 simul
758 1728 785 1753 et
800 1724 985 1759 deprimentcs
995 1744 1002 1756 ,

214 1772 297 1804 atque
310 1769 507 1804 detrahentes;
524 1770 660 1797 interdum
683 1769 814 1797 dentibus
838 1774 885 1797 aut
905 1768 1002 1797 caudis

213 1815 408 1847 lncendentcs,
437 1817 479 1843 vel
507 1816 712 1849 demulcentes,
737 1816 866 1850 omnique.
894 1815 1001 1842 ratione

213 1865 346 1897 agentes.
375 1867 406 1889 ut
431 1870 479 1891 eos
506 1863 535 1889 in
559 1862 634 1891 illam
657 1862 819 1890 immensam
845 1861 1000 1896 voraginem

212 1907 368 1942 puerpites
397 1908 516 1942 darent;
545 1908 632 1936 fuisse
659 1908 742 1936 etiam
772 1908 846 1935 viros
868 1907 1000 1943 quosdam

212 1953 242 1983 in
267 1953 374 1985 medio.
400 1955 446 1989 qui
473 1961 526 1982 una
551 1962 613 1981 cum
631 1954 805 1990 serpentibus
829 1954 857 1982 in
878 1954 1002 1982 homines

1053 250 1108 287 γὰρ
1132 249 1182 287 ἦν·
1211 252 1274 288 περὶ
1294 253 1322 279 δὲ
1345 253 1431 288 μέσας
1456 253 1554 285 νύκτας
1579 253 1687 288 (εἰώθει
1719 253 1773 289 γὰρ
1796 255 1836 287 εις

1052 298 1127 325 τόνδε
1142 298 1189 325 τὸν
1204 299 1300 334 καιρὸν
1315 299 1395 331 αὐτὸς
1411 299 1453 333 ἐφ’
1470 299 1568 326 ἐαυτοῦ
1584 298 1653 334 πρὸς
1668 299 1731 332 τοὺς
1747 299 1835 332 θείους

1054 344 1156 380 ὕμνους
1177 345 1355 381 ἐγρηγορέναι
1371 354 1376 361 ·
1393 346 1401 380 )
1426 346 1595 373 διανίσταται
1620 345 1679 381 μὲν,
1697 346 1758 372 οὐδὲ
1780 346 1836 373 τῶν

1055 391 1146 418 ὕπνων
1161 391 1250 418 αὐτῶν
1263 412 1270 424 ,
1288 392 1393 419 πολλῶν
1408 400 1440 427 γε
1456 391 1558 423 ὄντων,
1575 392 1622 419 καὶ
1645 392 1688 420 ἀεὶ
1705 393 1837 426 ἐγκοπτο-

1056 437 1144 473 μένων
1162 457 1169 470 ,
1195 437 1247 470 ἔξω
1275 438 1399 473 ταραχῆς
1428 437 1642 474 παραπολαύσας
1666 447 1673 453 ·
1699 438 1785 470 ἑστὼς
1807 437 1836 464 δὲ

1054 483 1129 518 ὅμως
1143 483 1185 514 εἰς
1203 481 1253 518 τὴν
1270 482 1344 509 θείαν
1358 482 1465 518 ὁμιλίαν
1481 482 1531 509 οὐκ
1551 482 1656 516 εὐαγῶς
1677 482 1771 516 ἠνιᾶτο
1791 480 1837 508 καὶ

1055 528 1245 564 ἐδυσχέραινεν
1255 548 1262 560 ,
1279 528 1330 557 οὐκ
1345 526 1412 555 εἶναι
1428 528 1529 557 δίκαιον
1542 527 1638 561 λέγων,
1655 528 1679 554 εί
1703 527 1771 562 ζῷεν
1791 526 1839 553 ἄν-

1055 574 1117 610 δρες
1133 574 1207 602 ἄθεοι
1228 575 1274 601 καὶ
1290 575 1499 610 διαστρέφοντες
1513 573 1563 606 τὰς
1578 573 1654 605 ὁδοὺς
1671 573 1772 609 Κυρίου
1787 572 1839 605 τὰς

1055 621 1161 653 εὐθείας
1178 630 1185 636 σ
1204 621 1250 647 καὶ
1268 621 1355 648 ταῦτα
1377 621 1463 655 λέγων
1477 641 1485 654 ,
1508 621 1593 647 ἐδεῖτο
1618 619 1665 646 τοῦ
1686 619 1754 646 Θεοῦ
1771 627 1840 654 πρη-

1057 667 1137 703 στῆρι
1161 676 1214 694 τινι
1235 667 1285 699 τὰς
1308 667 1470 703 ἀμφοτέρων
1491 666 1606 699 είσάπαξ
1629 665 1749 701 ἀνηλεῶς
1771 666 1840 693 ἀπο-

1056 712 1159 741 παῦσαι
1182 712 1263 745 ζωάς.
1289 712 1382 739 Ταῦτα
1403 712 1431 739 δὲ
1456 712 1560 745 εἰπὼν,
1584 712 1660 746 ἔλεγε
1680 712 1754 744 δόξαι
1775 711 1840 738 ίδεζν

1056 759 1133 792 ἄφνω
1146 758 1192 785 τὸν
1206 757 1280 785 οἷκον
1294 759 1323 785 ἐν
1335 755 1413 794 ᾧπερ
1426 759 1548 794 εἱστήκει
1571 757 1761 793 διαδονηθέντα
1777 757 1842 793 πρό-

1056 814 1144 841 τερον,
1161 806 1208 832 καὶ
1223 807 1255 832 ἐκ
1269 805 1318 841 τῆς
1333 805 1436 841 ὀροφῆς
1449 806 1489 837 εἰς
1499 805 1547 832 δύο
1562 805 1643 841 μέσον
1655 805 1841 840 διαιρεθέντα,

1058 851 1105 878 καί
1126 860 1187 878 τινα
1210 851 1300 887 πυρὰν
1322 851 1478 885 πολύφωτρν
1499 851 1663 888 ἐπίπροσθεν
1677 851 1778 883 αὑτοῦ,
1794 851 1842 877 καὶ

1056 897 1158 932 ταύτην
1179 896 1283 932 (ἐδόκει
1297 896 1352 932 γὰρ
1376 897 1468 924 λοιπὸν
1489 897 1621 933 ὕπαιθρος
1645 899 1660 924 ὁ
1675 897 1786 930 τόπος),
1810 898 1844 924 ὲκ.

1055 942 1102 970 τοῦ
1127 942 1251 978 οὐρανίου
1273 942 1360 978 χώρου
1378 942 1474 978 μέχρις
1487 942 1570 970 αὺτοῦ
1591 942 1818 978 καταφερομένην
1832 950 1840 958 ·

1054 989 1101 1016 τὸν
1123 989 1152 1017 δὲ
1174 989 1287 1024 οὐρανὸν
1310 989 1391 1016 αὑτὸν
1411 989 1646 1024 ἀναπεπταμένον,
1662 988 1708 1015 καὶ⁸
1729 988 1776 1015 ἐπὶ
1801 988 1844 1023 τῷ

1056 1035 1133 1070 νώτῳ
1147 1034 1194 1061 τοῦ
1214 1034 1329 1070 οὐρανοῦ
1349 1035 1396 1061 τὸν
1417 1035 1536 1071 Ἰησοῦν,
1558 1035 1679 1070 ἀπείρων
1698 1034 1845 1069 ἀνθρωττο-

1056 1082 1134 1109 ειδῶν
1153 1082 1227 1117 αὐτῷ
1246 1083 1457 1118 παρεστηκότων
1478 1081 1610 1116 ἀγγέλων.
1622 1081 1677 1109 Καὶ
1689 1081 1774 1108 ταῦτα
1793 1082 1845 1116 μὲν

1056 1127 1159 1155 ἄνωθεν
1183 1127 1316 1163 ὁρᾶσθαι,
1346 1128 1394 1155 καὶ
1420 1128 1500 1154 αὐτὸν
1521 1126 1689 1162 θαυμάζειν·
1712 1126 1788 1154 κάτω
1813 1127 1845 1153 δὲ

1056 1173 1145 1208 κύψας
1158 1175 1173 1201 ὁ
1186 1174 1300 1209 Κάρπος
1310 1194 1318 1205 ,
1341 1174 1404 1202 ίδεῖν
1418 1173 1469 1210 ἔφη
1485 1173 1532 1200 καὶ
1544 1172 1676 1207 τοῦδαφος
1688 1173 1753 1199 αὐτὸ
1773 1172 1847 1208 πρὸς

1056 1221 1154 1255 ἀχανές
1176 1229 1203 1247 τι
1225 1221 1319 1256 χάσμα
1339 1220 1385 1247 καὶ
1407 1219 1546 1246 σκοτεινὸν
1567 1219 1778 1254 διερῤηγμένον·
1797 1218 1847 1245 καὶ

1055 1269 1119 1300 τοὺς
1136 1268 1184 1304 μὲν
1199 1267 1299 1304 ἄνδρας
1312 1268 1433 1300 ἐκείνους
1444 1287 1451 1298 ,
1466 1265 1508 1300 οἷς
1526 1268 1664 1303 ἐπηρᾶτο,
1687 1266 1740 1302 πρδ
1759 1265 1848 1293 αὑτοῦ

1055 1314 1126 1341 κατὰ
1143 1314 1173 1340 τὺ
1188 1314 1297 1349 στόμιον
1311 1314 1454 1348 ἐστηκέναι
1472 1313 1521 1340 τοῦ
1546 1313 1701 1349 χάσματος,
1725 1311 1848 1347 ὑποτρό-

1057 1368 1141 1395 μους,
1163 1359 1314 1392 ἐλεεινοὺς,
1339 1359 1400 1386 ὅσον
1424 1358 1500 1386 οὔπω
1524 1358 1764 1394 καταφερομένους
1791 1358 1848 1384 ὑπὸ

1055 1405 1106 1441 τῆς
1120 1405 1175 1432 τῶν
1188 1405 1298 1432 οίκείων
1313 1405 1402 1432 ποδῶν
1415 1405 1549 1437 ἀστασίας
1569 1413 1575 1420 ·
1599 1404 1722 1432 κάτωθεν
1743 1403 1772 1430 δὲ
1790 1404 1848 1430 ἀπὸ

1055 1451 1102 1479 τοῦ
1123 1452 1261 1487 χάσματος
1285 1451 1360 1486 ὄφεις
1379 1451 1516 1486 ἀνέρπειν,
1537 1451 1661 1486 καὶπερὶ
1683 1450 1746 1482 τοὺς
1761 1450 1849 1482 πόδας

1056 1497 1145 1524 αὐτῶν
1167 1498 1394 1533 ὑποκινουμένους
1404 1517 1411 1529 ,
1427 1497 1493 1523 ποτὲ
1508 1497 1556 1531 μὲν
1577 1496 1742 1532 ἀποσύρειν,
1758 1497 1850 1523 ἐπανς

1056 1544 1230 1580 ειλουμένους
1253 1544 1312 1579 ἅμα
1340 1544 1387 1571 καλ⁸
1416 1543 1632 1579 ἐπιδαροῦντας,
1658 1544 1705 1570 καὶ
1727 1543 1849 1570 ἐπανέλ-

1056 1599 1154 1622 κοντας
1167 1598 1175 1604 ·
1190 1590 1256 1616 ποτὲ
1270 1590 1299 1616 δὲ
1310 1590 1367 1621 τοῖς
1379 1588 1484 1616 ὀδοῦσιν
1494 1609 1502 1622 ,
1517 1589 1535 1624 ἢ
1549 1589 1608 1620 τοῖς
1633 1588 1756 1624 οὺραίοις
1774 1588 1850 1615 ὑπο-

1053 1636 1204 1671 τύφοντας,
1218 1636 1235 1672 ἢ
1251 1635 1535 1671 ὑπογαργαλίζοντας,
1553 1635 1598 1662 καὶ
1618 1635 1662 1662 διὰ
1682 1634 1784 1666 παντὸς
1806 1635 1852 1667 εἰς

1053 1683 1084 1709 τὸ
1113 1681 1213 1717 ἀχανὲς
1241 1681 1370 1716 ἐμϐαλεῖν
1399 1681 1610 1716 μηχανωμένους
1626 1689 1634 1695 ·
1647 1677 1717 1707 εἶναι
1741 1680 1771 1707 δὲ
1799 1681 1853 1707 καὶ

1054 1727 1155 1762 ἄνδρας
1168 1725 1247 1758 τινὰς
1261 1727 1291 1752 ὲν
1306 1726 1381 1761 μέσῳ
1390 1745 1397 1757 ,
1412 1727 1468 1757 τοῖς
1482 1725 1561 1759 ὕφεσι
1582 1724 1652 1752 κατὰ
1667 1724 1722 1751 τῶν
1739 1725 1854 1760 ἀνδρῶν

1054 1772 1324 1808 συνεπιτιθεμένους·
1338 1771 1524 1803 διαδονοῦντας
1549 1771 1607 1806 ἅμα
1631 1771 1678 1798 καὶ
1703 1770 1853 1797 ὑπωθοῖως

1052 1827 1102 1851 τας
1133 1819 1180 1846 καὶ
1206 1818 1416 1849 κατα-καίοντας.
1440 1817 1562 1844 Ἑδόκουν
1589 1817 1617 1843 δέ
1638 1815 1706 1843 εἶναι
1730 1816 1801 1852 πρὸς
1819 1816 1855 1844 τὸ

1055 1864 1148 1890 πεσεῖν
1171 1864 1270 1890 ἐκεῖνον.
1299 1863 1335 1889 τὰ
1368 1863 1417 1898 μὲν
1445 1863 1578 1894 ἄκοντες,
1604 1861 1638 1888 τὰ
1663 1862 1692 1889 δὲ
1717 1862 1854 1895 ἑκόντες,

1055 1909 1109 1936 ὑπὸ
1122 1909 1170 1935 τοῦ
1186 1909 1269 1937 κακοῦ
1291 1909 1352 1938 κατ’
1372 1908 1461 1943 ὀλίγον
1476 1907 1631 1944 βιαζόμενοι
1648 1908 1705 1943 ἃμα
1724 1908 1774 1935 καὶ
1789 1917 1855 1936 πει-

1056 1954 1173 1990 Οόμενοι.

213 2000 275 2029 illos
300 1999 477 2033 invaderent.
500 2001 700 2035 exagitatione,
722 2000 820 2035 pulsu.
856 2004 884 2027 et
901 2001 1101 2036 percuSSione;
1128 2001 1203 2028 visos
1230 2005 1321 2028 autem
1351 2007 1412 2028 esse
1433 2000 1505 2028 viros
1525 1999 1586 2028 illos
1622 1999 1764 2032 decidere,
1784 2008 1855 2035 par-

213 2046 262 2074 tim
283 2046 402 2079 invitos,
422 2048 521 2082 partim
537 2051 649 2083 sponte,
672 2047 745 2082 quod
767 2054 782 2073 a
804 2047 876 2074 malo
891 2048 993 2076 sensim
1007 2051 1179 2083 cogerentur.

246 2094 383 2122 Narrabat
412 2103 495 2130 porro
523 2095 630 2129 Carpus
658 2103 688 2123 se
709 2095 877 2130 voluptatem
904 2102 1003 2130 capere

212 2142 324 2170 solitum
336 2161 344 2173 ,
363 2148 426 2168 cum
448 2139 579 2168 inferiora
602 2140 758 2175 aspiceret,
779 2139 922 2175 superiora
938 2146 1002 2166 vero

1092 2093 1190 2128 Ἔλεγε
1212 2094 1242 2121 δε
1264 2094 1279 2120 ὁ
1303 2094 1415 2129 Κάρπος
1440 2093 1537 2120 ἑαυτὸν
1557 2094 1667 2130 ἥδεσθαι
1688 2094 1765 2121 κάτω
1789 2092 1858 2129 βλέ-

1056 2148 1157 2167 ποντα·
1184 2139 1240 2166 τῶν
1263 2139 1320 2166 άνω
1333 2139 1360 2166 δέ
1380 2139 1492 2174 ἀμελεῖν
1513 2147 1521 2154 ο
1542 2138 1729 2174 δυσχεραίνειν
1748 2138 1779 2165 δὲ
1802 2140 1857 2166 καὶ

212 2189 370 2224 negligere:
388 2188 508 2222 graviter
523 2191 614 2215 autem
632 2187 703 2214 l'erre
714 2191 742 2214 et
756 2185 894 2221 indignari
905 2205 912 2217 ,
928 2185 1002 2220 quod

1055 2186 1212 2222 ὀλιγωρεῖν.
1227 2186 1269 2212 ὅτι
1296 2185 1332 2221 μὴ
1358 2185 1536 2214 πεπτώκασιν
1554 2185 1605 2221 ήδη
1617 2205 1626 2217 ,
1648 2185 1694 2212 καὶ
1714 2184 1754 2220 τῷ
1776 2186 1856 2220 πρά-

211 2221 334 2262 nondum
359 2221 443 2270 35.9
463 2234 651 2266 decidissent;
675 2237 759 2268 atque
793 2233 821 2260 in
851 2232 922 2259 banc
944 2238 1001 2258 rem

1055 2221 1143 2268 γματι
1158 2232 1286 2263 πολλάκις
1306 2231 1468 2267 ἐπιθέμενον
1489 2231 1535 2260 καὶ
1552 2231 1757 2266 άδυνατήσαντα
1770 2251 1778 2263 ,
1802 2231 1857 2258 καὶ

213 2289 276 2308 cum
299 2289 371 2316 saepe
394 2280 583 2314 incubuisset,
600 2287 651 2308 nec
664 2279 844 2315 profecisset,
861 2282 889 2306 et
908 2278 1007 2305 acerbe

212 2327 325 2357 tulisse.
346 2331 374 2355 et
393 2327 464 2354 male
483 2331 624 2361 precatum
644 2334 727 2360 esse;
747 2334 809 2354 cum
830 2326 874 2352 vix
894 2325 1005 2352 tandem

212 2373 313 2403 caelum
330 2373 498 2407 aspexisset,
514 2372 618 2400 vidisse
642 2372 752 2408 quidem
777 2371 846 2399 illud
870 2379 979 2399 rursum
996 2390 1004 2402 ,

212 2417 441 2454 quemadmodum
458 2419 540 2445 etiam
559 2421 639 2445 antea
653 2417 778 2451 viderat;
793 2416 887 2444 Jcsum
903 2421 1004 2447 autem,

213 2472 295 2500 quem
311 2464 345 2491 ad
358 2463 576 2491 misericordiam
592 2463 619 2491 id
633 2463 705 2498 quod
720 2464 866 2498 gerebatur
884 2469 1006 2491 commo-

211 2511 317 2542 visset,
341 2517 453 2536 manum
474 2509 619 2544 benignam
640 2510 816 2544 porrexisse,
840 2514 867 2536 et
892 2509 1005 2543 angelos

212 2558 259 2592 qui
274 2564 327 2583 una
344 2556 474 2582 auxilium
490 2555 608 2589 ferrent,
624 2556 699 2584 viros
715 2556 798 2582 alium
813 2555 865 2582 alia
880 2562 913 2582 ex
928 2558 1006 2589 parte

213 2602 376 2635 retinuisse,
392 2601 547 2637 dixisseque
560 2602 650 2637 Carpo
665 2601 758 2630 Jesum
776 2606 902 2636 porrecta
915 2601 1005 2628 adhuc

213 2657 295 2676 manu
315 2658 322 2676 :
342 2658 350 2674 I
366 2647 427 2676 Feri
443 2657 486 2676 me
496 2649 571 2683 jam;
593 2652 705 2684 paratus
718 2656 778 2676 sum
791 2648 863 2675 enim
880 2655 1002 2679 rursum,

211 2695 310 2724 salutis
330 2695 473 2722 hominum
494 2702 589 2727 causa,
606 2698 721 2721 mortem
737 2694 860 2729 perpeti:
882 2693 1004 2728 mihique

213 2741 265 2768 hoc
281 2744 438 2776 pergratum
453 2745 512 2772 est,
529 2740 594 2768 dum
606 2740 652 2767 alii
665 2739 791 2767 homines
805 2747 860 2766 non
875 2744 1001 2774 peccent.

213 2786 267 2814 Sed
282 2787 362 2819 vide,
380 2794 446 2814 num
462 2787 511 2814 tibi
528 2787 594 2814 utile
608 2786 645 2814 sit
659 2786 732 2813 hanc
747 2786 774 2813 in
791 2786 867 2813 hiatu
886 2791 914 2813 et
939 2793 1001 2813 cum

212 2833 388 2866 serpentibus
408 2833 577 2860 mansionem
588 2853 595 2864 ,
612 2832 747 2860 mansioni
763 2840 825 2860 cum
843 2832 898 2860 Ι)εο
913 2836 940 2859 et
955 2832 1001 2860 ba-

214 2876 304 2914 uignis
312 2878 508 2916 hominumque
517 2878 673 2908 amantibus
682 2879 785 2915 angelis
800 2883 973 2914 anteponere.
988 2889 998 2907 ι

1057 2277 1221 2312 ἀχθεσθῆναι
1252 2277 1299 2304 καὶ
1336 2276 1526 2312 ἐπαράσασθαι
1542 2285 1549 2291 ·
1580 2277 1628 2304 καὶ
1659 2276 1859 2306 άνανεύσαντιι

1059 2324 1134 2358 μόλις
1144 2344 1151 2356 ,
1169 2324 1233 2350 ίδεῖν
1247 2324 1297 2359 μὲν
1312 2321 1388 2355 αὖθις
1402 2324 1448 2350 τὸν
1461 2324 1575 2360 οὐρανὸν
1586 2344 1594 2356 ,
1609 2323 1703 2359 ὥσπερ
1719 2323 1766 2350 καὶ
1782 2325 1859 2359 :96-

1056 2379 1134 2406 τερον
1148 2371 1274 2406 ἐωράκεν
1291 2370 1338 2397 τὸν
1351 2369 1379 2396 δέ
1399 2370 1514 2406 Ἰησοῦν,
1530 2370 1681 2406 ἐλεήσαντα
1701 2369 1731 2395 τὸ
1754 2371 1859 2403 γιγνόο

1058 2425 1148 2452 μενον,
1164 2416 1343 2452 ἐξαναστῆναι
1365 2415 1413 2443 τοῦ
1435 2416 1634 2452 ὑπερουρανίου
1659 2416 1772 2451 θρόνου,
1801 2416 1858 2444 καὶ

1056 2463 1109 2494 ἕως
1121 2462 1212 2490 αὐτῶν
1235 2463 1409 2495 καταϐάντα,
1425 2463 1472 2490 καὶ
1492 2464 1571 2498 χεῖρα
1591 2462 1697 2498 ἀγαθὴν
1716 2461 1834 2497 ὀρέγειν
1847 2483 1856 2495 ,

1057 2510 1102 2536 καὶ
1117 2510 1180 2540 τοὺς
1195 2509 1326 2543 ἀγγέλους
1340 2509 1415 2544 αὐτῷ
1431 2508 1757 2544 συνεπιλαμϐανομένους,
1767 2507 1858 2535 ἄλλον

1055 2555 1165 2582 ἄλλοθεν
1194 2555 1356 2591 ἀντέχεσθαι
1381 2557 1439 2582 τοῖν
1467 2555 1575 2591 ἀνδροῖν
1590 2563 1598 2569 ·
1615 2554 1662 2581 καὶ
1691 2554 1780 2581 εἰπεῖν
1810 2555 1859 2590 τῷ

1054 2602 1161 2638 Κάρπῳ
1173 2602 1219 2628 τὸν
1240 2602 1343 2637 Ίησοῦν
1353 2621 1360 2633 ,
1376 2602 1427 2636 τῆς
1441 2601 1532 2637 χειρὸς
1546 2601 1596 2637 ἤδη
1612 2600 1829 2636 προτεταμένης
1847 2610 1855 2617 υ

1057 2659 1066 2675 ι
1087 2650 1153 2675 Παίε
1168 2649 1227 2676 κατ’
1244 2649 1310 2684 ἐμοῦ
1327 2649 1428 2675 λοιπόν·
1444 2648 1552 2683 ἕτοιμος
1566 2648 1620 2683 γάρ
1632 2648 1689 2682 είμι
1712 2647 1760 2674 καὶ
1776 2647 1858 2682 ὑπὲρ

1054 2695 1205 2731 ἀνθρώπων
1232 2694 1446 2729 ἀνασωζομένων
1475 2693 1591 2725 παθεῖν,
1620 2693 1667 2720 καὶ
1693 2693 1856 2728 προσφιλές

1055 2750 1100 2776 μοι
1111 2740 1200 2773 τοῦτο,
1212 2741 1247 2776 μὴ
1262 2741 1349 2768 ἄλλων
1363 2740 1574 2776 ἁμαρτανόντων
1589 2738 1752 2775 ἀνθρώπων.
1770 2739 1856 2776 Πλὴν

1052 2787 1120 2822 ὅρα,
1146 2788 1171 2814 εί
1194 2786 1285 2818 καλῶς
1310 2787 1367 2822 ἔχει
1389 2795 1451 2818 σοι,
1468 2786 1518 2822 τὴν
1539 2787 1568 2812 ἐν
1590 2785 1629 2821 τῷ
1650 2785 1775 2821 χάσματι
1800 2787 1855 2814 καὶ

1055 2833 1124 2868 μετὰ
1149 2833 1204 2860 τῶν
1227 2833 1316 2868 ὄφεων
1343 2833 1427 2868 μονὴν
1452 2830 1669 2864 ἀνταλλάξασθαι
1694 2832 1747 2867 τῆς
1777 2834 1858 2868 μετᾷ

1052 2879 1120 2909 Θεοῦ
1144 2880 1254 2910 καὶτῶν
1268 2879 1377 2916 ἀγαθῶν
1399 2880 1444 2911 καὶ
1458 2878 1657 2917 φιλανθρώπων
1679 2879 1823 2915 ἀγγέλων.
1845 2889 1857 2909 ι
