1950 3065
144 176 191 205 ειη

586 174 677 208 VITA,
695 171 859 201 AUCTORE
875 170 1040 199 SYMEONE
1055 169 1321 198 METAPHBASTE.

147 235 234 264 ῐαῦτά
250 236 323 262 ἐστιν
337 234 355 262 ἃ
377 233 433 268 ἐγὼ
453 232 580 269 ἀκηκοὼς
600 231 720 259 πιστεύω
738 230 824 266 ἀληθῆ
845 227 924 256 εἶναι.

978 228 1041 256 limo
1074 232 1138 256 sunt
1167 236 1228 264 quae
1256 235 1308 264 ego
1340 227 1452 260 audita,
1485 234 1550 256 vera
1579 234 1640 255 esse
1666 227 1760 255 credo.

177 281 255 309 Οὕτω
265 281 301 308 τὰ
312 280 400 308 πάντα
408 280 493 316 πρᾶος
502 278 537 315 ἦν
549 279 596 306 καὶ
608 277 752 314 συμπαθὴς
766 277 814 304 καὶ
827 275 928 312 ἀόργη-

141 326 252 362 τος,δσῳ
260 327 316 359 τοῖς
326 326 416 362 ἔργοις
425 325 533 361 ὑψοῦτο,
541 323 660 360 τοσούτῳ
672 323 713 359 τῷ
722 323 872 358 φρονήματι
884 330 928 348 τα-

142 373 318 408 πεινούμενος
328 381 335 388 ·
350 371 441 399 κανὼν
453 373 509 403 τοῖς
529 371 596 398 πᾶσι
618 371 685 406 πρὸς
701 369 815 405 ἀρετήν·
832 367 928 403 λύχνος

141 419 182 450 εις
200 417 310 453 όδηγίαν
331 417 378 444 τοῦ
401 417 563 453 κρείττονος.
579 416 642 443 Δι“ὂ
661 415 728 451 μηδέ
747 414 800 441 ὑπὸ
813 413 859 441 τὸν
878 413 926 449 μό-

140 463 196 490 διον
218 464 232 489 ὁ
252 463 306 490 τῶν
321 463 447 490 ἁπάντων
470 462 555 493 αἴτιος
574 461 652 497 μόνος
669 459 836 497 κρύπτεσθαι
854 467 927 485 συνε-

141 509 279 545 χώρησεν·
296 509 352 536 ἀλλ’
373 509 415 543 ἐφ’
426 507 527 544 ὑψηλοῦ
539 507 572 534 δι’
595 507 697 543 ἀρετῆς
720 506 826 541 τίθησι·
845 505 893 532 καὶ
909 505 926 540 ή

141 556 230 591 φήμη,
241 555 341 587 εὐθέως
351 554 479 587 λαϐοῦσα,
494 554 537 581 διὰ
549 553 657 581 πάντων
738 553 888 588 στομάτων,
897 552 926 579 ὲν

141 602 208 629 πᾶσι
225 601 333 628 πάντων
352 602 461 636 κρατεῖν
471 600 618 627 Διονύσιον.
633 600 688 626 Καὶ
704 598 816 634 δήπρὸς
833 597 927 624 τοῦτον

142 647 241 678 πάντες
257 646 400 682 ἐπέρρεον·
413 646 443 672 οὐ
455 647 486 673 τὸ
500 645 623 681 δημῶδες
635 645 714 681 μόνον
727 636 925 679 καιὰγοραῖον,

141 692 198 722 ἀλλ’
215 693 276 719 ὅσον
289 693 337 719 καὶ
349 692 404 719 τῶν
420 692 568 727 ἐλλογίμων
579 689 613 728 ἦν
623 692 671 719 καὶ
681 690 820 725 ἐπιφανῶν
829 698 836 705 ’
855 689 882 716 οῖ
897 697 926 716 τε

142 739 272 775 πρότερον
283 739 315 774 τῇ
328 738 410 775 μανίᾳ
424 738 647 774 κατειλημμένοι,
660 736 707 763 καὶ
718 736 808 772 θηρῶν
824 736 927 771 ὠμότες

144 792 188 819 ρον
200 783 249 819 τὴν
274 783 434 818 Ἐκκλησίαν
450 784 660 820 σπαράττοντες.
672 783 710 815 ὡς
721 784 766 810 τὸν
789 783 872 820 ἄνδρα
882 792 926 818 γι-

140 830 257 865 νόμενοι,
270 830 317 856 καὶ
329 830 379 865 τῆς
389 829 547 865 θαυμαστῆς
560 829 668 865 ἐκείνης
684 829 730 856 καὶ
742 829 816 861 θείας
840 828 926 863 γλώτ-

140 884 190 911 της
203 876 355 908 ἀκούοντες,
370 876 401 903 τό
409 885 439 903 τε
460 876 515 903 τῶν
534 875 653 912 καρδιῶν
675 876 791 912 σκληρὸν
808 876 926 912 ἐμαλάτ-

139 929 226 953 τοντο,
242 921 289 948 καὶ
307 922 347 957 τῷ
369 921 489 957 ἀληθινῷ
504 922 551 949 καὶ
569 921 669 957 πρώτῳ
687 921 756 956 φωτὶ
771 921 925 958 προσῄεσαν

139 967 184 994 διὰ
193 967 240 994 τοῦ
256 968 457 1003 βαπτίσματος⁸
476 969 531 1004 ὅσῳ
559 968 640 996 πλέον
669 968 724 994 τῶν
751 967 839 994 ἄλλων
857 968 926 1004 πρὸς

140 1014 239 1042 κακίαν
249 1013 343 1049 πρώην
355 1014 544 1049 ὲφλέγμαινον,
556 1014 675 1050 τοσούτῳ
689 1013 783 1046 ζέοντα
796 1013 844 1041 τὸν
859 1015 926 1050 Χρι-

140 1060 297 1095 στιανισμὺν
308 1060 520 1096 ἐνδεικνύμενοι·
535 1061 582 1087 καὶ
600 1060 668 1091 ὅλως
679 1059 754 1086 οὐδὲν
766 1059 853 1091 οὕτως
873 1059 926 1086 ἀνὰ

140 1107 227 1142 στόμα
241 1107 297 1138 τοῖς
312 1107 402 1138 πᾶσιν,
417 1107 457 1133 ὃτι
475 1107 512 1142 μὴ
527 1104 717 1142 Διονύσιοςῆν.
739 1106 783 1138 Ὠς
794 1104 840 1133 οὖν
854 1105 925 1135 οὕτω

138 1152 236 1184 ταῦτα,
253 1153 300 1179 καὶ
315 1153 332 1188 ή
342 1153 419 1188 φήμη
433 1151 579 1188 διέτρεχεν,
595 1154 612 1188 ή
622 1153 780 1180 διδασκαλία
795 1161 824 1179 τε
843 1152 925 1179 ἐπλα-

137 1198 240 1231 τύνετο,
269 1199 346 1234 καὶὴ
371 1198 463 1230 πίστις
491 1198 647 1225 ἐδεδαιοῦτο
680 1199 861 1234 τρανότερον,
884 1199 924 1230 είς

137 1244 222 1276 ἀκοὰς
243 1245 305 1280 ἥκει
330 1244 362 1271 τὸ
378 1245 493 1280 πρᾶγμα
511 1243 680 1280 Δομετιανῷ,
705 1244 862 1280 Δομετιανῷ
884 1243 924 1279 τῷ

138 1290 227 1317 πάντα
242 1289 512 1326 δεινιῖι·Δαιμονιανῷ
524 1290 552 1316 δὲ
568 1289 667 1325 μᾶλλον
687 1290 772 1316 εἰπεῖν
797 1289 925 1316 οἰκειότε-

138 1345 195 1375 ρον,
208 1337 247 1372 τῷ
257 1337 403 1373 λαλήσαντι
416 1336 487 1365 κατὰ
498 1335 545 1363 τοῦ
555 1336 622 1363 Θεοῦ
638 1336 755 1369 ἀδικίαν,
773 1337 802 1363 ἐν
819 1337 923 1372 ὑπερη-

137 1384 221 1419 φανίᾳ
232 1384 280 1411 καὶ
293 1382 476 1416 ἐξουδενώσει,
489 1383 536 1409 καὶ
545 1383 625 1419 χεῖρα
639 1382 773 1418 Θεομάχον
791 1382 862 1409 κατὰ
874 1383 924 1418 τῆς

135 1428 191 1455 τῶν
202 1428 375 1464 Χριστιανῶν
393 1428 489 1463 ἄραντι
513 1428 640 1460 πίστεως.
662 1426 746 1460 Οὗτος
765 1426 812 1455 οὖν
828 1428 854 1454 τί
872 1437 924 1464 μη-

136 1475 261 1511 χανᾶται,
274 1474 373 1510 μᾶλλον
385 1474 414 1501 δὲ
427 1474 454 1503 τί
469 1474 545 1510 παρὰ
558 1473 605 1501 τοῦ
619 1475 723 1510 πατρὸς
736 1473 818 1500 αὐτοῦ
832 1475 924 1501 Σατᾶν

941 909 963 937 Β

1012 273 1159 309 Dionysius
1171 273 1262 308 itaque
1273 273 1301 300 in
1316 273 1398 301 rebus
1407 273 1535 301 omnibus
1551 276 1612 301 erat
1626 272 1693 300 adeo
1707 273 1762 300 mi-

977 321 1024 353 tis,
1040 321 1210 352 misericors,
1225 324 1253 347 et
1264 320 1298 348 ab
1307 320 1347 347 ira
1362 320 1480 352 alienus,
1495 324 1589 354 utquo
1603 319 1686 346 altior
1697 326 1763 347 eva-

976 367 1059 396 debat
1072 367 1163 400 factis,
1175 374 1209 395 eo
1224 374 1255 394 se
1269 366 1358 402 magis
1381 366 1515 394 modestia
1535 365 1703 399 demitteret,
1714 372 1762 393 re-

976 413 1038 449 gula
1052 413 1141 441 factus
1155 413 1284 441 omnibus
1310 413 1344 440 ad
1366 412 1521 444 veritatem,
1547 415 1575 440 et
1598 412 1712 439 lucerna
1727 411 1763 439 ad

976 459 1164 488 deducendum
1186 459 1220 487 ad
1243 460 1270 487 id
1285 459 1358 494 quod
1379 463 1421 488 est
1437 459 1546 487 melius.
1560 458 1696 493 Quocirca
1711 465 1764 486 nec

975 514 1035 535 eam
1050 507 1181 534 abscondi
1195 506 1248 534 sub
1263 505 1356 534 modio
1367 505 1432 533 sivit
1440 505 1474 539 is,
1490 505 1537 540 qui
1552 509 1595 533 est
1619 504 1696 532 solus
1712 511 1762 532 au-

976 557 1037 581 ctor
1049 554 1171 582 omnium
1185 563 1192 581 :
1209 552 1258 581 sed
1271 553 1300 581 in
1314 553 1372 580 alto
1385 553 1462 588 ponit
1487 560 1535 587 per
1562 552 1690 579 virtutem
1703 561 1710 579 :
1735 554 1765 579 et

976 599 1048 627 fama
1057 600 1182 635 protinus
1194 599 1358 635 pervadens,
1374 599 1525 627 canebatur
1532 598 1561 625 in
1569 606 1617 626 ore
1627 597 1762 629 omnium,

975 645 1004 673 in
1017 646 1147 674 omnibus
1160 653 1257 673 omnes
1273 646 1384 673 vincere
1405 644 1579 680 Dionysium.
1603 643 1690 671 Porro
1713 650 1763 671 au-

975 697 1029 720 tem
1042 700 1139 720 omnes
1153 692 1186 720 ad
1195 700 1257 720 eum
1269 692 1457 724 conﬂuebant,
1473 699 1529 719 non
1543 691 1633 719 solum
1649 690 1764 727 popula-

975 746 1020 766 res
1032 743 1060 766 et
1075 739 1208 772 forenses,
1224 738 1270 766 sed
1281 738 1328 774 qui
1339 742 1419 766 erant
1429 738 1532 766 eruditi
1542 741 1569 765 et
1584 737 1723 773 insignes:
1735 740 1764 764 et

975 785 1022 820 qui
1036 785 1114 820 prius
1125 785 1288 812 laborabant
1303 785 1421 816 insania,
1437 787 1464 812 et
1477 784 1542 812 feris
1564 783 1705 811 crudelius
1723 782 1764 809 la-

975 832 1105 860 cerabant
1115 831 1279 865 Ecclesiam,
1295 831 1328 858 ad
1351 831 1428 858 illum
1444 833 1533 859 virum
1559 830 1702 858 venientes
1713 849 1721 862 ,
1736 833 1764 857 et

977 877 1166 905 admirabilem
1191 878 1266 905 illam
1293 881 1321 905 et
1334 877 1456 905 divinam
1471 877 1591 913 linguam
1607 876 1762 908 audientes,

976 924 1069 952 cordis
1083 924 1127 952 sui
1141 924 1302 952 molliebant
1312 924 1454 956 duritiam,
1469 927 1497 951 et
1507 924 1540 951 ad
1556 930 1648 951 veram
1663 927 1691 950 et
1708 922 1765 958 pri-

975 977 1047 997 mam
1060 970 1150 998 lucem
1163 970 1332 998 accedebant
1357 977 1408 1005 per
1422 970 1576 1005 baptisma;
1603 976 1658 1004 quo
1677 969 1764 1004 magis

975 1020 1054 1044 erant
1065 1017 1225 1044 inﬂammati
1240 1017 1273 1045 ad
1293 1017 1445 1049 vitium,eo
1459 1016 1653 1044 ferventiorem
1668 1020 1763 1044 osten-

974 1062 1070 1091 dentes
1092 1063 1330 1091 christianismum
1340 1083 1349 1094 .
1364 1067 1392 1091 et
1406 1063 1441 1090 ad
1457 1069 1593 1090 summam
1605 1081 1613 1094 ,
1628 1062 1696 1089 nihil
1706 1065 1763 1088 tam

974 1109 1069 1136 eratin
1080 1116 1128 1136 ore
1142 1109 1275 1142 omnium,
1284 1116 1366 1144 quam
1377 1109 1535 1145 Dionysius.
1549 1108 1618 1137 Cum
1631 1116 1696 1144 ergo
1706 1109 1765 1136 hac

975 1155 1047 1183 fama
1061 1156 1101 1184 sic
1111 1156 1283 1191 pervaderet,
1300 1157 1427 1185 doctrina
1447 1160 1538 1184 autem
1554 1156 1725 1189 dilataretur,
1737 1161 1765 1184 et

974 1202 1042 1230 ﬁdes
1067 1202 1278 1231 confirmaretur
1303 1203 1459 1231 evidentius
1471 1224 1479 1237 ,
1500 1211 1546 1231 res
1562 1202 1653 1230 delata
1673 1206 1715 1230 est
1729 1202 1764 1230 ad

973 1247 1170 1282 Domitianum,
1190 1249 1224 1277 ad
1239 1249 1420 1277 saevissimum
1439 1249 1550 1285 inquam
1567 1247 1762 1281 Domitianum,

973 1295 1015 1322 vel
1027 1299 1058 1322 ut
1070 1295 1157 1330 magis
1169 1295 1280 1330 proprie
1294 1295 1395 1326 dicam.
1411 1295 1629 1327 Daemonianum,
1641 1295 1687 1330 qui
1697 1302 1760 1322 con-

973 1348 1015 1370 tra
1030 1341 1114 1370 Deum
1131 1342 1239 1370 locutus
1256 1341 1308 1369 fuit
1328 1342 1500 1377 iniquitatem
1529 1341 1557 1368 in
1585 1340 1713 1376 superbia
1737 1343 1766 1368 et

973 1388 1186 1423 contemptione,
1203 1394 1231 1417 et
1241 1396 1353 1416 manum
1373 1388 1430 1416 Deo
1445 1388 1585 1415 inimicam
1601 1387 1700 1415 extulit
1715 1386 1765 1413 nd-

973 1442 1070 1463 versus
1082 1434 1161 1462 Iidem
1181 1435 1409 1462 christianorum.
1427 1434 1477 1462 Hic
1488 1442 1554 1470 ergo
1568 1434 1634 1469 quid
1659 1433 1765 1460 machi-

974 1481 1074 1509 natur?
1084 1482 1126 1509 vel
1138 1481 1229 1516 potius
1243 1481 1309 1516 quid
1325 1481 1441 1509 ducetur
1452 1489 1467 1508 a
1482 1486 1561 1516 patre
1579 1488 1629 1508 suo
1642 1480 1765 1507 Satanan?

136 1521 338 1553 ἐκπαιδεύεταις
358 1520 465 1547 πάντῶν
487 1520 535 1556 μὲν
552 1520 606 1548 τῶν
626 1521 683 1547 ὅσοι
702 1520 737 1547 τὰ
754 1520 924 1556 Χριστιανῶν

976 1526 1075 1555 Omnes
1085 1527 1195 1562 quidem
1214 1528 1272 1563 qui,
1292 1535 1352 1563 qua:
1362 1527 1505 1555 christiani
1524 1527 1656 1558 sentiunt,
1672 1526 1765 1562 despi—

137 1567 292 1603 φρονοῦσιν,
317 1566 463 1602 ὑπεριδεῖν,
478 1567 614 1593 Διονύσιον
634 1567 664 1596 δὲ
690 1566 769 1602 μόνον
783 1566 871 1598 ἑλεῖν,
891 1564 921 1593 εὖ

976 1581 1054 1608 cere;
1074 1573 1234 1610 Dionysium
1251 1578 1342 1602 autem
1370 1574 1458 1602 solum
1486 1573 1520 1601 de
1545 1573 1636 1600 medio
1651 1573 1763 1605 tollere;

136 1613 224 1645 εἰδὼς,
235 1613 283 1644 ὡς,
294 1613 318 1638 εί
331 1612 427 1639 τούτου
436 1612 612 1648 περιγένηται
626 1612 716 1647 μόνου,
727 1613 836 1639 πάντων
846 1612 922 1639 ἔσται

136 1660 291 1695 κρατήσας·
311 1659 336 1685 εί
348 1658 376 1684 δὲ
392 1658 428 1696 μὴ
442 1658 547 1690 τούτου,
559 1659 722 1694 Δομετιανοῦ
733 1658 832 1690 πάντες
849 1659 924 1694 στερ-

137 1706 252 1740 ἠότεροι.
273 1705 350 1732 Ἐπεὶ
361 1705 389 1731 δὲ
404 1704 490 1733 ταῦτα
501 1705 612 1737 ἐνενόει,
626 1705 640 1733 ὁ
651 1705 737 1740 θυμὸς
754 1705 836 1731 αὐτὸν
850 1704 924 1739 ἐγεί-

135 1760 178 1789 ρει
192 1751 264 1779 κατὰ
277 1751 324 1778 τοῦ
343 1751 488 1787 μάρτυρος,
503 1751 550 1778 καὶ
563 1752 652 1787 ζητῶν
667 1752 717 1787 τῆς
733 1751 830 1787 μανίας
843 1750 922 1787 ταμα,

134 1796 214 1824 τοῦτο
225 1797 304 1833 μόνον
318 1798 449 1833 εὑρίσκει,
463 1796 508 1823 τὸν
520 1796 603 1824 αὑτοῦ
615 1797 740 1824 θάνατον.
756 1797 864 1833 Ἀμέλει
876 1797 924 1824 καὶ

136 1844 240 1876 πάντας
250 1845 313 1876 τοὺς
326 1844 379 1871 ὑπὸ
407 1845 486 1880 χεῖρα
511 1843 681 1878 συναγαγὼν,
692 1845 755 1876 τοὺς
772 1843 921 1879 ἀπηνεστέ-

136 1899 199 1927 ρους
211 1898 240 1916 τε
253 1890 300 1916 καὶ
314 1890 437 1921 ἐοικότας
447 1889 521 1925 αὑτῷ
531 1888 580 1925 τὴν
603 1889 734 1916 ἀπόνοιαν
746 1888 922 1925 παραλαϐὼν,

135 1937 207 1964 κατὰ
220 1936 333 1973 ζήτησιν
347 1937 484 1972 ἐκπέμπει
497 1936 545 1963 τοῦ
561 1935 708 1972 μάρτυρος,
724 1935 780 1968 καὶ,
798 1945 807 1961 ι
826 1936 857 1962 El
875 1936 924 1972 μὲν

134 1984 174 2019 τῷ
187 1984 310 2020 ἡμετέρῳ
319 1983 422 2016 τοῦτον,
438 1984 514 2020 φησὶ,
528 1982 690 2018 μεταθέσθαι
703 1982 854 2018 σεὸάσματι
864 1982 924 2008 πεί-

135 2037 207 2061 σετε,
221 2030 293 2056 τοῦτ’
308 2031 370 2066 ἐμοὶ
383 2030 413 2056 τὸ
427 2029 594 2065 ποθούμενον
604 2049 611 2061 ,
628 2029 675 2056 καὶ
695 2029 822 2060 λαϐόντες
842 2028 923 2055 αὐτὸν

136 2076 195 2114 μεθ’
210 2077 323 2107 ἑαυτῶν,
339 2077 525 2112 ἀναστρέψατε
535 2085 541 2092 ·
552 2078 576 2103 εί
590 2077 618 2103 δὲ
629 2076 708 2114 ἐτιτῇ
723 2075 849 2102 δυσσεϐεῖ
863 2076 924 2102 ἐπι-

135 2123 224 2160 μένων
238 2124 280 2160 εἴη
296 2123 439 2160 θρησκείᾳ,
454 2123 569 2151 θάνατον
584 2123 666 2151 αὑτοῦ
681 2123 874 2159 κατακρίνατε.
893 2132 903 2151 ι

166 2219 199 2245 Ut
213 2219 251 2249 δὲ.
267 2219 344 2247 τοῦτο
358 2218 434 2255 παρὰ
447 2219 494 2245 τοῦ
511 2219 675 2255 κρατοῦντος
689 2219 866 2251 ἀκούσαντες,
888 2220 922 2255 τῇ

973 1620 1026 1647 hoc
1043 1621 1144 1652 sciens.
1157 1621 1232 1656 quod
1249 1621 1271 1649 si
1293 1629 1355 1648 eum
1386 1621 1475 1648 solum
1504 1619 1610 1651 vicerit,
1636 1619 1765 1646 omnibus

975 1666 1056 1696 fuerit
1070 1667 1151 1703 350
1165 1668 1308 1703 superior;
1321 1667 1363 1695 sin
1375 1667 1479 1697 minus,
1494 1673 1590 1693 omnes
1604 1664 1661 1692 fore
1674 1664 1766 1691 Domi-

974 1713 1050 1741 tiano
1060 1714 1198 1741 fortiores.
1215 1713 1366 1749 Postquam
1379 1717 1469 1740 autem
1484 1713 1542 1739 lucc
1555 1715 1646 1739 mente
1661 1710 1766 1746 agitas-

974 1763 1026 1792 set,
1044 1767 1105 1787 eum
1122 1760 1224 1788 excitat
1236 1759 1276 1786 ira
1294 1759 1428 1787 adversus
1442 1763 1600 1794 martyrem,
1613 1761 1641 1784 et
1663 1757 1766 1786 furoris

974 1814 1102 1842 quzerens
1111 1806 1353 1838 medicamentum,
1367 1805 1472 1832 nullum
1488 1804 1561 1831 aliud
1571 1803 1683 1837 invenit,
1696 1811 1767 1839 pra:-

974 1856 1016 1880 ter
1029 1852 1089 1888 ejus
1101 1856 1226 1880 mortem.
1243 1851 1311 1879 Cum
1329 1852 1421 1887 itaque
1439 1858 1546 1882 omnes,
1568 1850 1615 1885 qui
1632 1850 1692 1884 ejus
1713 1849 1766 1876 im-v

974 1899 1050 1934 perio
1070 1898 1211 1934 parebant,
1230 1901 1436 1933 congregasset,
1452 1904 1556 1931 eosque
1570 1896 1767 1931 assumpsisset

974 1945 1020 1980 qui
1036 1949 1115 1971 erant
1129 1944 1155 1971 ei
1168 1943 1287 1971 amentia
1307 1943 1423 1975 similes,
1438 1943 1523 1969 mittit
1536 1941 1569 1969 ad
1589 1941 1766 1977 quaerendum

974 1993 1133 2026 martyrem.
1151 1998 1160 2015 ι
1175 1988 1218 2021 Ει,
1229 1988 1251 2016 si
1266 1989 1291 2016 ei
1301 1988 1423 2024 quidem,
1442 1988 1542 2023 inquit.
1559 1987 1765 2022 persuaseritis,

973 2039 1004 2064 ut
1017 2035 1050 2063 ad
1066 2039 1189 2064 nostram
1201 2035 1361 2062 traducatur
1372 2034 1542 2070 religionem,
1559 2033 1612 2060 hoc
1622 2037 1676 2065 est,
1688 2032 1764 2068 quod

974 2082 1117 2111 desidero:
1136 2088 1256 2116 cumque
1281 2088 1345 2108 eum
1371 2080 1534 2115 acceperitis
1549 2080 1704 2111 vobiscum,
1723 2086 1767 2106 re-

973 2128 1122 2156 vertimini.
1139 2127 1189 2154 Sin
1202 2131 1294 2154 autem
1312 2126 1402 2154 adhuc
1419 2125 1603 2161 permanserit
1627 2125 1656 2152 in
1681 2124 1766 2160 impia

974 2175 1116 2210 religione,
1132 2181 1196 2202 eum
1210 2176 1298 2200 morte
1312 2172 1503 2200 condemnate.
1525 2180 1535 2198 ι

1010 2221 1050 2248 llli
1063 2224 1154 2249 autem
1172 2226 1234 2247 cum
1252 2219 1310 2247 haec
1322 2219 1478 2246 audiissent
1490 2218 1524 2245 ab
1545 2217 1722 2252 imperatore,
1739 2220 1768 2247 et

133 2274 163 2291 τε
179 2266 294 2301 συνοίκῳ
306 2266 388 2301 μανίᾳ
414 2266 624 2301 ὑποτυφόμενοι,
639 2267 686 2293 καὶ
705 2266 865 2302 δραστήριοι
885 2266 924 2302 τῷ

976 2267 1070 2295 furore
1087 2267 1316 2299 accenderentur,
1343 2265 1390 2301 qui
1404 2265 1431 2292 in
1446 2265 1487 2292 eis
1506 2264 1657 2296 habitabat,
1682 2267 1709 2292 et
1733 2263 1767 2292 ad

133 2311 272 2346 πέμψαντι
283 2311 356 2343 δόξαι
367 2311 596 2348 φιλοτιμούμενοι,
606 2313 668 2339 ἐπεὶ
676 2312 726 2349 τὴν
734 2312 847 2339 Γαλλίαν
858 2320 925 2341 κατ-

133 2357 241 2389 έλαϐον,
269 2357 306 2389 ὥς
320 2367 392 2389 τινες
407 2359 554 2394 είσπηδῶσι
570 2359 652 2395 θῆρες
663 2368 670 2376 -
693 2359 740 2387 καὶ
761 2360 852 2386 πᾶσαν
871 2359 926 2387 δια-

133 2402 301 2439 ταράξαντες
311 2404 360 2442 τήν
376 2405 538 2442 περίχωρον,
555 2406 750 2442 ὑποφθείρουσι
763 2407 827 2438 τοὺς
847 2406 925 2433 εὐκο-

133 2450 278 2485 λωτέρους,
292 2450 327 2477 τὰ
338 2450 408 2478 κατὰ
417 2451 462 2478 τὸν
474 2451 608 2488 μακάριον
621 2452 724 2485 διδάξαι
733 2461 764 2479 τε
778 2453 825 2480 καὶ
839 2454 925 2481 εἰπεῖν

133 2497 280 2524 Διονύσιον.
301 2497 345 2528 Ὠς
359 2497 386 2523 δὲ
400 2497 493 2524 τοῦτον
507 2499 536 2524 ἐν
545 2499 665 2534 Παρισία
677 2500 711 2535 τῇ
727 2499 803 2526 πόλει
823 2499 926 2534 διατρί-

134 2543 193 2570 ϐειν
203 2542 351 2576 ἐπύθοντο,
366 2543 442 2570 οὔπω
456 2544 487 2570 τὸ
501 2545 556 2570 πᾶν
571 2544 712 2578 ἐπύθοντο,
737 2546 785 2572 καὶ
801 2546 833 2581 τῇ
849 2544 925 2572 πόλει

133 2589 303 2624 ἐφίστανται.
318 2587 384 2616 Εἶτα
392 2589 426 2617 τὰ
440 2591 504 2626 περὶ
519 2590 572 2617 τῶν
582 2591 752 2626 Χριστιανῶν
767 2591 923 2627 ἐρευνῶσιν,

134 2636 291 2672 εὑρίσκουσι
306 2637 430 2672 πανταχῇ
452 2636 487 2664 τὰ
495 2637 545 2672 τῆς
566 2637 685 2669 πίστεως
712 2638 925 2672 κατεσπαρμὲνα

131 2682 295 2718 διδάγματα.
313 2683 380 2719 Περὶ
398 2683 448 2709 τῶν
462 2683 509 2710 τοῦ
525 2683 663 2720 μάρτυρος
682 2684 833 2720 τεραστίων
856 2693 925 2719 μαν-

133 2728 270 2762 θάνουσιν,
285 2730 323 2761 ὠς
336 2730 399 2761 τοὺς
414 2729 477 2766 περί
491 2739 517 2757 τι
540 2730 667 2766 πονήρως
688 2729 799 2766 ἔχοντας
821 2730 925 2762 πάντας

133 2776 247 2803 ἰάσαιτο.
276 2776 430 2804 Κάντεῦθεν
453 2777 484 2803 τὸ
506 2777 560 2804 τῶν
588 2777 712 2804 ἀπίστων
740 2777 814 2813 αὐτῷ
831 2779 925 2812 στῖφος

131 2823 299 2859 ὲπιρῤεῦσαν
312 2824 344 2859 τῇ
361 2823 501 2860 θεοσεϐείᾳ
516 2824 656 2850 συνέθετο·
684 2823 731 2850 καὶ
751 2823 789 2855 ὡς
809 2824 826 2858 ή
851 2824 926 2850 πᾶσα

132 2869 271 2906 Γερμανία
284 2870 431 2903 πολλοῖς,τὺ
442 2870 558 2906 πρόσθεν
572 2871 620 2898 καὶ
632 2870 728 2902 δεινοῖς
741 2870 924 2907 δεδουλωμένη

133 2916 232 2945 πάθεσί
246 2925 276 2946 τε
290 2917 336 2946 καὶ
352 2917 494 2954 πράξεσιν,
505 2917 534 2945 οὔ
552 2917 605 2956 μὴν
620 2917 688 2946 ἀλλὰ
713 2918 759 2947 καὶ
775 2916 925 2949 εἰδωλικοϊς

976 2322 1020 2342 res
1037 2314 1171 2350 gerendas
1186 2321 1266 2341 acres
1290 2312 1378 2340 videri
1405 2312 1506 2339 vellent
1535 2311 1560 2339 ei
1577 2312 1624 2346 qui
1642 2311 1766 2346 miserat,

975 2366 1122 2396 postquam
1136 2363 1274 2387 venerunt
1290 2359 1317 2386 in
1334 2358 1450 2386 Galliam
1465 2362 1597 2393 tanquam
1614 2358 1678 2386 ferae
1693 2366 1769 2394 quae—

975 2407 1037 2434 dam
1053 2406 1181 2434 irruunt:
1201 2409 1228 2433 et
1243 2414 1305 2433 cum
1322 2413 1445 2437 omnem,
1461 2413 1522 2440 quae
1537 2405 1613 2432 circa
1630 2405 1684 2433 sita
1697 2409 1767 2438 erat,

975 2452 1188 2480 conturbassent
1201 2453 1353 2487 regionem,
1369 2456 1554 2487 corrumpunt
1573 2451 1767 2486 simpliciores,

976 2502 1006 2526 ut
1022 2499 1153 2526 docerent
1169 2499 1281 2526 ubinam
1301 2498 1400 2526 beatus
1422 2497 1571 2533 Dionysius
1599 2502 1767 2525 versaretur.

975 2545 1125 2581 Postquam
1136 2549 1227 2572 autem
1241 2544 1388 2572 audierunt
1412 2552 1475 2572 eum
1493 2544 1598 2572 versari
1615 2545 1642 2571 in
1657 2544 1769 2572 civitate

976 2591 1159 2623 Parisiorum,
1177 2590 1294 2618 necdum
1311 2598 1367 2618 rem
1380 2594 1466 2618 totam
1481 2590 1699 2618 audierantcum
1712 2590 1768 2622 illic

976 2638 1087 2666 adsunt.
1107 2637 1212 2666 Deinde
1238 2641 1431 2673 percontantes
1449 2637 1483 2665 de
1505 2637 1587 2665 rebus
1602 2636 1768 2664 christiano-

975 2693 1048 2717 rum,
1061 2684 1205 2712 inveniunt
1221 2683 1284 2712 ﬁdei
1297 2684 1451 2712 doctrinam
1468 2691 1530 2711 esse
1552 2683 1705 2718 dispersam
1720 2691 1769 2718 per

975 2735 1061 2758 totam
1073 2731 1233 2759 civitatem:
1262 2731 1297 2759 de
1319 2731 1462 2759 miraculis
1475 2730 1605 2765 martyris
1625 2729 1693 2756 ﬁunt
1707 2737 1766 2757 cer-

975 2777 1072 2809 tiores,
1089 2778 1163 2813 quod
1174 2785 1271 2805 omnes
1284 2777 1400 2809 scilicet,
1417 2775 1465 2811 qui
1480 2776 1551 2803 male
1577 2782 1607 2802 se
1622 2774 1767 2807 haberent,

975 2828 1118 2852 curasset:
1134 2828 1161 2852 et
1174 2824 1236 2852 ideo
1250 2824 1454 2852 incredulorum
1474 2822 1507 2850 ad
1523 2830 1585 2850 eum
1603 2820 1769 2849 conﬂuxisse

976 2874 1126 2902 catervam,
1143 2875 1171 2898 et
1184 2878 1213 2899 se
1222 2870 1382 2904 adjunxisse
1393 2877 1458 2897 vero
1471 2868 1518 2896 Dei
1532 2868 1634 2896 cultui:
1651 2871 1679 2895 et
1694 2867 1768 2904 quod

981 2917 1071 2948 omnis
1086 2917 1233 2947 Germania
1255 2925 1318 2954 qua:
1333 2917 1426 2945 multis
1451 2916 1528 2952 prius
1552 2915 1679 2952 gravibus
1694 2914 1767 2944 vitiis
