1950 3065
195 156 250 188 805

786 158 814 185 S.
833 157 982 187 DlONYSll
998 158 1227 187 AREOPAGITE

1768 161 1820 190 σοι

198 215 332 243 servierat
343 220 371 243 et
398 213 478 243 factis
491 234 500 246 ,
515 214 666 250 quinetiam
680 210 806 249 subjecta
822 218 882 242 erat
896 215 982 242 cultui

1035 215 1200 251 ὑποκειμένη
1217 216 1379 251 σεὸάσμασι,
1395 216 1440 243 τὸν
1449 217 1548 244 οἰκεῖον
1562 216 1673 252 αὐχένα,
1688 217 1748 249 ταῖς
1762 218 1819 245 Διο-

198 261 420 293 simulacrorum,
433 261 536 288 collum
547 268 627 288 suum
638 268 671 288 ex
684 260 727 288 his
737 261 920 293 subtractum,
935 261 987 289 do-

197 307 288 335 ctrina
303 307 441 343 Dionysii,
456 306 599 342 subjunin
618 307 685 342 jugo
697 306 810 334 Christi.
825 307 894 335 Cum
918 315 986 343 ergo

198 354 266 386 hac,
283 357 311 382 et
326 354 412 382 multa
423 354 476 381 alia
498 353 571 381 facta
585 360 657 386 esse,
684 353 718 381 ad
746 361 842 381 eorum
866 354 986 382 venisset

196 401 396 436 cognitionem,
416 405 444 428 et
469 400 573 428 Christi
586 407 699 436 gregem
726 401 840 435 augeri,
865 406 892 428 et
919 409 986 428 suos

196 447 263 474 deos
274 447 406 475 vidissent
426 446 535 475 habitos
554 446 697 481 despectui
711 466 719 477 ,
747 450 775 474 et
789 454 839 475 sua
855 447 985 482 mysteria

196 493 347 524 contemni.
359 497 386 520 et
401 493 560 521 inclinatam
574 500 636 520 esse
648 493 827 528 impietatem,
841 493 928 529 magis
939 501 986 521 ac-

196 539 361 571 cenduntur,
377 542 404 566 et
417 543 514 573 rogant
529 539 641 566 ubinam
653 539 800 572 habitaret,
817 539 864 574 qui
889 547 984 568 eorum

195 590 256 613 erat
269 589 382 613 auctor:
395 589 423 613 et
439 588 552 620 repente
566 585 595 612 in
609 585 720 613 beatum
737 586 873 613 irruentes
884 585 985 620 Diony-

196 632 350 664 sium,eum
365 631 447 659 simul
463 632 550 667 ligant
565 640 626 660 cum
640 632 675 660 iis
687 633 805 668 quicum
821 633 880 668 ipso
894 636 983 666 erant,

196 679 223 706 in
238 686 286 706 ore
300 678 421 706 divinam
435 678 525 706 adhuc
542 678 687 706 habentem
699 678 868 712 doctrinam;
890 680 986 714 praesi—

194 724 269 757 dent,
281 724 386 752 rabiem
407 729 435 752 et
451 724 571 752 furorem
582 725 721 760 spirantes
750 724 784 752 ad
805 725 986 753 examinatio-

195 778 266 798 nem.
283 771 456 807 lngrediatur
469 778 534 806 ergo
545 771 587 799 vir
597 778 748 806 gener-usus
758 771 840 798 simul
852 779 914 798 cum
928 771 986 798 Ru-

195 817 265 844 stico
277 821 305 844 et
318 817 487 850 Eleutherio,
505 822 597 845 mente
609 817 686 844 ﬁrma
705 824 737 844 ac
753 817 845 845 stabili
855 822 882 845 et
897 818 985 846 libero

195 864 298 895 animo,
312 864 426 898 perinde
437 871 471 891 ac
487 863 510 892 si
526 867 673 892 vocaretur
687 864 721 891 ad
746 863 857 896 festum,
882 871 937 891 non
951 863 985 891 ad

1002 893 1022 920 Β

1036 262 1125 288 νυσίου
1140 262 1269 297 διδαχαῖς,
1284 262 1388 289 ἐκεῖθεν
1402 262 1576 296 ὑπεξελοῦσα,
1587 263 1627 298 τῷ
1640 263 1687 289 τοῦ
1702 264 1821 299 Χριστοῦ

1035 307 1110 344 ζυγῷ
1129 309 1297 344 ὑπηγάγετο.
1325 309 1368 341 Ὠς
1383 307 1429 336 οὖν
1452 310 1492 341 είς
1505 309 1606 344 γνῶσιν
1621 310 1711 342 αὐτοῖς
1721 330 1728 342 ,
1750 310 1823 338 οὓτω

1034 355 1120 381 ταῦτα
1134 355 1182 382 καὶ
1200 355 1285 382 πολλὰ
1303 355 1384 391 ἕτερα
1410 355 1550 390 γεγονέναι
1570 356 1694 390 ἀφίκετο,
1714 357 1765 392 τήν
1790 365 1822 383 τε

1034 400 1081 427 τοῦ
1095 400 1215 436 Χριστοῦ
1229 402 1346 437 ποίμνην
1355 401 1552 438 αὐξανομένην,
1567 402 1614 429 καὶ
1633 403 1695 434 τοὺς
1717 404 1825 432 ἑαυτῶν

1036 448 1113 479 θεοὺς
1123 448 1353 484 παρεωραμένους
1367 448 1470 484 ἑώρων,
1485 448 1535 480 τάς
1547 457 1578 475 τε
1592 447 1701 480 τελετὰς
1727 458 1823 486 περιυ-

1036 493 1194 529 ϐρισμένας,
1209 494 1256 521 καὶ
1266 495 1306 526 είς
1320 494 1384 529 γόνυ
1405 494 1535 522 κλίνασαν
1548 494 1598 530 τὴν
1620 495 1760 527 ἀσέϐειαν,
1775 497 1823 522 ἐπὶ

1037 540 1136 575 μᾶλλον
1157 540 1329 573 ὲκκαίονται,
1353 541 1400 568 καὶ
1415 541 1460 568 τὸν
1473 541 1576 568 τούτων
1597 541 1681 569 αἴτιον
1694 542 1760 568 ὅπου
1776 543 1825 569 καὶ

1034 586 1179 622 διατρίϐων
1192 586 1246 622 εἴη,
1256 587 1432 615 πυνθάνονται
1441 595 1447 602 ·
1459 588 1506 614 καὶ
1518 587 1564 614 τὸν
1573 587 1716 624 μακάριον,
1725 587 1823 624 ἀθρόον

1035 634 1254 665 ἐπεισπεσόντες,
1277 635 1326 661 σὺν
1347 634 1406 669 ἀμα
1429 634 1558 670 δεσμοῦσι
1576 636 1633 666 τοῖς
1654 636 1713 670 μετ’
1727 635 1823 668 αὑτοῦ,

1035 680 1084 715 τὴν
1099 680 1174 707 θείαν
1196 680 1248 707 ἀνὰ
1262 680 1348 716 στόμα
1362 680 1472 716 διδαχὴν
1487 681 1528 707 ἐτι
1541 681 1668 717 φέροντα,
1687 682 1735 708 καὶ
1755 691 1823 718 προ-

1036 725 1168 761 κάθηνται
1182 725 1319 757 λυσσῶδές
1335 735 1362 752 τι
1378 727 1424 753 καὶ
1446 727 1558 761 μανικὸν
1573 727 1619 754 ἐπὶ
1628 727 1678 763 τὴν
1699 727 1824 760 ἐξέτασιν

1036 771 1171 803 πνέοντες.
1183 771 1304 798 Εῐσεισιν
1318 769 1364 798 οὖν
1377 773 1391 798 ὁ
1401 773 1531 806 γεννάδας
1542 772 1601 808 ἅμα
1619 773 1768 808 Ῥουστικῷ
1777 775 1824 800 καὶ

1043 817 1212 853 Ἐλευθερίῳ,
1231 817 1345 853 ἀτρόμῳ
1366 817 1471 854 διανοίᾳ
1491 819 1538 845 καὶ
1559 819 1826 855 πεπαρρησιασμένῃ

1036 863 1121 899 ψυχῇ,
1137 863 1231 899 ὥσπερ
1244 864 1285 895 εἰς
1301 864 1409 900 ἑορτὴν,
1423 865 1473 891 οὐκ
1486 865 1526 896 είς
1539 864 1633 899 ἀγῶνα
1648 865 1825 900 καλούμενος.

194 914 344 938 certamen.
369 910 537 945 Arroganter
560 910 643 946 igitur
667 914 695 938 et
722 918 840 946 aspere,
866 913 895 938 ut
921 918 983 938 eum

1037 911 1091 937 Kal
1101 910 1132 946 δὴ
1153 909 1275 945 θρασέως
1291 909 1362 936 οὕτω
1383 910 1431 937 καὶ
1451 910 1610 946 αὐστηρῶς,
1630 911 1664 937 ἵν’
1686 911 1718 937 ὲκ
1731 919 1826 946 προοι-

193 951 440 990 per'terrefacerent
469 956 563 983 statim
586 956 615 983 in
643 957 797 991 principio,
820 957 846 984 ei
863 956 983 984 dicunt:

196 1010 206 1027 ι
236 1000 277 1028 Tu
311 1009 359 1035 es,
387 1009 404 1029 ο
433 1002 632 1030 exsecrandum
663 1006 766 1037 caput,
794 1002 841 1037 qui
873 1007 985 1030 nostros

192 1047 261 1075 deos
274 1047 354 1075 nihili
365 1047 445 1079 facis,
461 1051 490 1075 et
506 1047 650 1075 contendis
668 1047 749 1082 351
771 1048 804 1075 de
821 1047 912 1075 medio
934 1055 985 1075 no-

193 1097 278 1120 stram
292 1093 390 1121 tollere
403 1093 579 1129 religionem?
591 1092 737 1128 Responde
749 1101 831 1128 ergo,
855 1093 928 1128 quod
948 1094 985 1121 sit

192 1142 270 1166 tuum
285 1147 384 1174 genus,
397 1146 458 1173 quae
474 1143 500 1166 te
517 1138 613 1166 tulerit
638 1138 737 1174 patria,
765 1142 792 1166 et
812 1139 885 1173 quod
905 1142 983 1166 tuum

193 1185 326 1214 studium.
340 1195 350 1212 ι
373 1184 421 1213 Ille
435 1190 538 1217 autem,
565 1192 659 1212 amore
675 1185 704 1212 in
721 1185 862 1213 Christum
884 1185 910 1212 ei
935 1185 986 1212 ad-

192 1232 274 1260 dente
292 1231 432 1263 animum,
450 1236 477 1259 et
501 1231 619 1258 faciente
649 1239 713 1258 eum
737 1230 982 1263 conﬁdentiorem:

196 1287 206 1304 ι
217 1277 275 1312 Ego
289 1277 411 1313 quidem.
426 1277 526 1313 inquit,
539 1284 556 1305 0
570 1285 631 1310 vos,
647 1283 676 1304 ut
683 1281 711 1304 et
724 1285 812 1313 genus
824 1281 852 1304 et
866 1277 983 1312 patriam

193 1324 317 1351 omittam
334 1324 363 1351 in
375 1324 535 1359 praesentia,
546 1331 590 1351 me
600 1323 705 1351 Christi
718 1331 827 1351 servum
842 1331 905 1351 esse
917 1331 984 1351 con-

194 1370 282 1403 ﬁteor,
299 1375 396 1398 etcum
415 1370 517 1402 solum,
529 1373 557 1398 et
572 1369 698 1403 Patrem,
714 1370 761 1405 qui
781 1373 856 1397 caret
877 1370 982 1403 princi-

193 1417 249 1452 pio,
264 1421 292 1444 et
306 1422 471 1445 coaeternum
482 1417 542 1451 ejus
555 1417 616 1444 colo
625 1416 770 1452 Spiritum.
779 1416 878 1452 Aulugi
892 1420 983 1444 autem

193 1471 209 1491 ιι
219 1468 312 1492 vestro
325 1471 429 1496 errore.
445 1463 635 1492 validissimus
650 1464 689 1499 (in
704 1471 764 1490 meo
779 1463 852 1490 enim
873 1462 983 1491 Christo

193 1510 280 1538 habeo
289 1510 427 1545 ﬁduciam)
436 1514 592 1538 vestrorum
600 1510 715 1537 deorum
731 1509 900 1541 deturbator,
912 1509 983 1536 chri-

1037 957 1100 992 μίου
1111 955 1191 988 εὐθὺς
1205 955 1410 991 καταπλήξωσι,
1426 957 1492 991 φασὶ
1502 956 1570 992 πρὸς
1590 956 1687 983 αὐτόν·
1706 966 1715 982 ι
1727 957 1764 982 Σὺ
1787 955 1825 988 εῐ,

1034 1000 1058 1029 ὦ
1071 1002 1213 1038 καταράτη
1228 1002 1342 1038 κεφαλὴ,
1357 1003 1444 1034 ὁτοὺς
1456 1003 1607 1038 ἡμετέρους
1622 1002 1699 1034 θεοὺς
1720 1003 1749 1028 έν
1771 1011 1825 1038 μη-

1034 1049 1090 1076 δενὶ
1102 1049 1254 1084 τιθέμενος,
1276 1050 1323 1077 καὶ
1337 1049 1386 1085 τὴν
1400 1049 1478 1084 ἡμῶν
1489 1050 1522 1076 ὲκ
1537 1049 1620 1085 μέσου
1635 1050 1748 1085 ποιῆσαι
1763 1049 1827 1085 θρη-

1036 1095 1128 1122 σκείαν
1149 1095 1325 1130 φιλονεικῶν;
1349 1095 1505 1131 Ἀτώκριναι
1525 1094 1589 1128 οὖν,
1617 1096 1648 1122 τὸ
1662 1096 1752 1130 γένος,
1775 1097 1828 1132 τὴν

1035 1142 1231 1178 ὲνεγκαμένην,
1246 1142 1277 1169 τὸ
1290 1142 1468 1178 ἐπιτήδευμα.
1482 1140 1536 1169 )"0
1550 1142 1588 1176 δὲ,
1604 1142 1828 1179 θαῤῥαλεώτερος

1036 1189 1135 1224 μᾶλλον
1158 1189 1197 1224 τῷ
1219 1189 1288 1225 πρὸς
1308 1189 1424 1225 Χριστὸν
1443 1189 1589 1225 γενόμενος
1610 1189 1706 1226 ἔρωτι·
1725 1199 1734 1215 ι
1755 1190 1828 1224 Ἐγὼ

1036 1234 1094 1269 μὲν,
1110 1231 1132 1260 ὦ
1145 1232 1232 1266 οὗτος,
1250 1234 1342 1269 φησὶν,
1367 1234 1411 1261 ἵνα
1432 1234 1468 1260 τὰ
1485 1233 1533 1260 τοῦ
1557 1234 1652 1268 γένους
1675 1235 1706 1261 τό
1725 1243 1757 1269 γε
1777 1235 1827 1262 νῦν

1034 1278 1094 1313 ἔχον
1109 1278 1155 1305 καὶ
1173 1278 1222 1314 τὴν
1240 1278 1358 1314 πατρίδα
1373 1278 1470 1313 παρῶ,
1498 1279 1618 1315 Χριστοῦ
1644 1279 1737 1310 δοῦλος
1755 1277 1828 1308 εἶναι

1033 1325 1168 1360 ὁμολογῶ,
1184 1325 1232 1352 καὶ
1247 1325 1320 1360 μόνῳ
1332 1324 1418 1360 τούτῳ
1432 1324 1471 1360 τῷ
1489 1333 1519 1351 τε
1537 1326 1649 1361 ἀνάρχῳ
1669 1326 1758 1362 Πατρὶ
1778 1327 1828 1353 καὶ

1033 1371 1072 1406 τῷ
1100 1371 1226 1406 συναῖδίῳ
1253 1371 1336 1398 αὑτοῦ
1372 1371 1495 1407 λατρεύω
1529 1372 1682 1407 Πνεύματι·
1699 1370 1828 1406 πέφευγα

1032 1417 1061 1444 δὲ
1075 1417 1123 1443 καὶ
1136 1417 1186 1452 τῆς
1200 1416 1276 1452 ὑμῶν
1290 1417 1393 1452 πλάνης
1404 1426 1411 1432 ”
1432 1417 1472 1453 τῷ
1485 1417 1540 1453 γὰρ
1557 1417 1616 1453 ἐμῷ
1638 1418 1749 1453 Χριστῷ
1772 1419 1828 1445 πέ-

1033 1462 1126 1494 ποιθα,
1141 1462 1308 1498 καθαιρέτης
1324 1463 1517 1499 στερῤότατος,
1543 1463 1673 1499 ἀλείπτης
1694 1464 1829 1499 Χριστια-

1023 1504 1088 1540 ’νοῖς
1114 1508 1182 1544 πρὸς
1211 1508 1311 1545 ἀρετὴν
1337 1509 1519 1544 ἑτοιμότατος.
1545 1509 1617 1545 Πρὸς
1638 1509 1724 1536 ταῦτα
1747 1511 1773 1537 εῐ
1800 1519 1829 1537 τι.

193 1558 401 1592 stianorumque
425 1556 460 1583 ad
484 1557 615 1584 virtutem
631 1555 793 1583 exhortator
807 1555 983 1590 promptissi-

1035 1555 1270 1590 προστεταγμένον
1284 1556 1358 1590 ὑμῖν,
1368 1555 1513 1590 πράσσετε.
1527 1564 1537 1580 ι
1553 1555 1607 1582 Καὶ
1621 1555 1670 1591 τὴν
1683 1555 1730 1582 τοῦ
1745 1557 1828 1590 ἁγίου

193 1609 265 1630 mus.
280 1602 323 1630 Ad
339 1602 398 1631 hac
410 1602 501 1634 facite,
518 1602 542 1629 si
557 1601 624 1637 quid
640 1605 684 1629 est
696 1602 775 1629 vobis
788 1602 980 1636 imperatum.»

193 1647 323 1676 Videntes
338 1652 429 1677 autem
454 1648 591 1681 malevoli,
615 1648 704 1676 sancti
719 1647 904 1675 constantiam
918 1654 982 1674 cum

192 1695 336 1730 prudentia
346 1695 535 1730 conjunctam,
548 1694 618 1721 iram
628 1698 734 1722 mutant
745 1693 773 1722 in
785 1693 981 1724 adulationem,

191 1745 230 1774 ct,
246 1751 256 1767 ι
268 1741 307 1769 Ne
318 1745 404 1775 tuam,
420 1749 437 1768 ο
452 1740 575 1776 Dionysi,
590 1740 698 1773 dicunt,
717 1740 845 1768 canitiem
859 1739 983 1768 all‘eceris

191 1788 368 1820 contumelia,
380 1796 468 1823 neque
479 1787 579 1815 charos
593 1787 701 1815 sodales
712 1787 794 1815 morti
806 1787 911 1814 acerbae
926 1790 983 1813 tra-

190 1834 309 1867 dideris;
321 1841 386 1869 pare
405 1836 480 1861 recte
494 1833 702 1861 consulentibus
715 1852 723 1865 ,
752 1836 780 1860 et
806 1832 982 1867 imperatoris

191 1881 354 1916 potentiam,
373 1887 422 1914 per
441 1888 491 1908 nos
507 1883 534 1907 te
550 1884 702 1915 rogantem,
731 1879 850 1906 revereri
869 1885 983 1913 persua-

191 1927 295 1959 dearis,
312 1933 329 1953 o
343 1925 426 1953 chare
440 1930 467 1953 et
483 1926 554 1954 bone
570 1925 692 1962 Dionysi:
707 1925 761 1954 diis
773 1925 876 1953 nostris
895 1926 983 1953 sacri-

191 1972 276 2000 ﬁcare
289 1972 482 2008 persuadearis
493 1976 520 2000 et
538 1973 594 2000 eris
613 1980 676 2000 cum
697 1972 752 2000 tuis
765 1972 871 2007 primus
885 1979 982 1999 eorum

191 2020 239 2054 qui
255 2024 320 2048 sunt
329 2019 381 2048 sub
394 2020 520 2054 imperio.
535 2029 544 2045 ι»
558 2019 604 2047 Ille
615 2024 722 2047 autem:
739 2028 748 2044 ι
759 2018 868 2051 Vester,
881 2019 981 2054 inquit,

191 2066 238 2093 hic
259 2074 337 2094 error
357 2069 401 2094 est
416 2066 492 2101 pejor
504 2066 606 2101 priore,
621 2066 645 2093 si
671 2065 772 2101 putetis
795 2065 864 2097 fore,
879 2069 910 2092 ut
926 2072 981 2099 me,

191 2116 240 2141 aut
255 2113 504 2148 meorumaliquem
523 2113 671 2141 seducatis.
697 2111 755 2140 Hoc
779 2112 852 2140 enim
873 2111 979 2144 sciatis,

191 2159 265 2194 quod
278 2167 329 2187 nos
343 2167 398 2187 non
409 2159 527 2187 honores
538 2179 545 2192 ,
561 2167 616 2187 non
631 2159 817 2192 contumelia),
833 2165 888 2186 non
900 2158 979 2185 blan-

1033 1600 1142 1634 γνόντες
1155 1601 1180 1627 οὶ
1204 1600 1346 1636 δυσμενεῖς
1367 1600 1437 1636 μετά
1458 1601 1591 1633 συνέσεως
1606 1601 1731 1629 ἔνστασιν
1743 1621 1750 1634 ,
1777 1603 1832 1630 τὸν

1033 1645 1119 1682 θυμὸν
1130 1647 1169 1678 είς
1184 1646 1303 1673 θωπείαν
1312 1646 1467 1682 ἀμείϐουσι,
1482 1647 1540 1679 καὶ,
1559 1657 1568 1672 ι
1580 1647 1625 1682 Μὴ
1633 1647 1683 1683 τὴν
1692 1648 1742 1683 σὴν
1757 1647 1829 1675 Evn-

1035 1701 1084 1728 μον
1098 1692 1194 1719 πολιὰν
1208 1692 1359 1729 ἀτιμώσῃς,
1371 1693 1587 1727 φασὶ,Διονύσιε,
1605 1694 1671 1729 μηδὲ
1685 1694 1758 1721 τέλει
1773 1694 1829 1731 τὴν

1034 1738 1115 1774 φίλην
1129 1739 1253 1774 ἑταιρίαν
1267 1738 1360 1775 πικρῷ
1373 1739 1502 1776 παραδῷς
1511 1748 1518 1755 ·
1535 1739 1704 1775 πείσθητιτά
1718 1741 1831 1776 χρηστὰ

1034 1784 1257 1819 συμὸουλεύουσι,
1272 1785 1319 1813 καὶ
1333 1785 1363 1811 τὸ
1373 1785 1419 1811 τοῦ
1437 1785 1570 1820 βασιλέως
1583 1785 1684 1821 κράτος
1703 1786 1736 1812 δι’
1746 1786 1832 1821 ἡμῶν

1033 1830 1152 1858 ἰκετεῦόν
1169 1839 1198 1857 σε
1218 1831 1407 1867 δυσωπήθητι·
1420 1831 1556 1867 πείσθητι,
1572 1831 1632 1865 φίλε
1646 1832 1749 1867 χρηστὲ
1764 1833 1831 1859 Διο-

1032 1877 1126 1909 νύσιε,
1147 1879 1204 1910 τοῖς
1225 1878 1371 1913 ἡμετέροις
1399 1877 1480 1905 θῦσαι
1507 1877 1588 1910 Θεοῖς,
1617 1878 1759 1913 πείσθητι’
1779 1879 1832 1906 καὶ

1033 1925 1141 1960 πρῶτος
1154 1924 1207 1950 τῶν
1225 1924 1279 1951 ὑπὸ
1299 1924 1349 1960 τὴν
1365 1924 1501 1959 βασιλείαν
1516 1924 1565 1960 ἔσῃ
1583 1923 1652 1959 μετά
1664 1924 1718 1950 τῶν
1734 1924 1801 1953 σῶν.
1817 1936 1829 1951 ›

1039 1969 1112 2002 Ὀδὲ,
1125 1979 1133 1995 t
1147 1970 1333 2006 Πεπλάνησθε,
1345 1970 1479 2006 φησὶ,τῆς
1489 1970 1626 2006 προτέρας
1634 1970 1738 2005 πλάνην
1751 1971 1831 2007 οὐ(⁴)

1033 2016 1154 2052 χείρονα,
1173 2018 1197 2043 εἰ
1211 2017 1261 2052 ἐμὲ
1269 2016 1395 2052 συλήσειν
1410 2017 1427 2052 ἦ
1442 2024 1503 2042 τινα
1519 2016 1574 2043 τῶν
1593 2016 1668 2052 ἐμῶν
1687 2016 1756 2048 ὃλως
1771 2017 1833 2053 ᾠή-

1034 2062 1099 2098 θητε
1110 2071 1117 2077 ·
1132 2063 1206 2098 ἡμᾶς
1220 2062 1284 2098 γὰρ,
1299 2060 1329 2089 εὖ
1346 2061 1417 2095 ἴστε,
1432 2063 1463 2089 οὐ
1478 2063 1566 2098 τιμαὶ,
1585 2062 1634 2088 οὐκ
1650 2062 1758 2097 ἀτιμίαι
1769 2082 1777 2093 ,
1795 2064 1832 2090 οὐ

1035 2109 1160 2141 θωπεῑαι,
1174 2110 1205 2136 οὐ
1221 2109 1342 2144 βάσανοι,
1353 2109 1404 2136 οὐκ
1417 2108 1482 2146 ἄλλον
1495 2117 1521 2135 τι
1536 2108 1590 2136 τῶν
1606 2108 1733 2136 ἁπάντων
1748 2108 1833 2137 οὐδὲν

1034 2156 1144 2191 χωρίσει
1155 2155 1283 2191 Χριστοῦ.
1297 2165 1307 2181 ι

191 2207 276 2238 ditiaa,
295 2215 350 2235 non
366 2211 519 2240 tormenta,
542 2215 632 2242 neque
651 2207 755 2242 aliquid
773 2207 846 2234 aliud
869 2206 983 2234 omnino
998 2204 1137 2240 separabit
1156 2203 1303 2231 aChristo.
1315 2213 1326 2229 ι

228 2255 361 2290 Deinceps
371 2263 437 2291 ergo
449 2263 511 2282 cum
531 2263 585 2283 non
596 2259 709 2291 possent
729 2255 894 2291 persuadere
903 2274 910 2286 ,
932 2253 982 2282 de-
996 2255 1021 2285 D

192 2302 282 2338 posita
299 2308 416 2336 persona
427 2305 454 2329 et
468 2302 653 2333 simulatione,
666 2309 729 2328 cum
743 2301 783 2328 ira
798 2301 885 2336 magis
905 2299 983 2328 ell‘er-

192 2348 330 2380 buissent,
347 2351 374 2375 et
392 2355 408 2375 e
427 2347 556 2374 cathedra
573 2347 687 2379 furiose,
703 2351 730 2375 et
746 2352 836 2375 mente
849 2347 982 2383 quodam-

192 2394 275 2421 modo
289 2397 379 2421 emota
408 2393 609 2421 surrexissent:
629 2403 639 2419 ι
651 2393 672 2420 Α
687 2393 777 2426 vobis,
801 2401 818 2421 ο
846 2397 980 2424 amentes,

193 2439 324 2475 Dionysio
343 2439 448 2472 dicunt,
468 2439 540 2467 etiis
551 2440 597 2475 qui
610 2448 673 2467 cum
687 2440 748 2475 ipso
761 2443 850 2471 erant.
862 2439 900 2467 dii
914 2447 981 2467 con-

193 2489 363 2518 temnuntur,
379 2489 405 2512 et
419 2485 568 2520 imperator
586 2486 732 2513 irridetur:
750 2489 777 2514 et
795 2486 903 2513 artibus
922 2493 980 2513 ma-

192 2532 272 2568 gicis,
289 2531 401 2567 perinde
430 2538 462 2558 ac
479 2531 631 2564 miraculis,
651 2539 711 2564 eos,
727 2532 774 2566 qui
799 2532 861 2567 ejus
885 2536 982 2567 parent

193 2578 318 2614 imperio,
336 2577 370 2605 ab
382 2585 415 2605 eo
430 2577 580 2610 abducitis,
595 2582 623 2606 et
636 2577 671 2604 ad
684 2581 793 2605 vestras
808 2583 901 2613 partes
922 2582 979 2605 tra-

191 2624 311 2652 ducitis?
322 2634 332 2651 ι
347 2624 442 2653 Sancti
452 2628 554 2657 autem,
567 2633 577 2650 ι
588 2623 697 2652 Similes
712 2624 752 2652 cis
763 2623 839 2654 ﬁant,
849 2623 895 2657 qui
905 2623 981 2658 ipsos

190 2672 296 2703 colunt,
308 2681 318 2697 ι
327 2671 368 2700 eis
375 2679 428 2698 una
441 2679 506 2698 voce
515 2671 645 2699 dixerunt
655 2679 662 2703 ;
674 2680 683 2696 ι
696 2678 747 2697 nos
754 2674 909 2697 autemnon
923 2677 981 2696 ma-

191 2718 260 2753 gicis
275 2719 392 2750 artibus,
406 2723 435 2746 ut
445 2718 549 2750 dicitis,
571 2716 620 2746 sed
642 2716 688 2744 Dei
715 2716 803 2744 nostri
823 2720 852 2744 et
879 2715 980 2744 viviﬁci

190 2765 253 2800 ejus
268 2764 386 2800 Spiritus
403 2764 576 2792 invocatione
597 2766 626 2790 et
649 2763 819 2799 operatione,
835 2763 916 2790 caecis
939 2763 982 2790 vi-

191 2819 265 2843 sum,
282 2812 366 2840 mulis
382 2819 547 2845 sermonem,
561 2810 669 2838 claudis
684 2811 839 2845 ingressum
851 2830 859 2842 ,
879 2814 907 2837 et
925 2809 980 2837 da:-

192 2857 328 2885 ruoniacis
348 2857 502 2892 praebemus
521 2857 701 2885 curationem.
724 2857 846 2890 Quorum
875 2863 910 2883 ne
926 2855 979 2883 sibi

229 2913 262 2949 (')
282 2913 336 2943 Aut
351 2914 493 2950 legendum
512 2915 619 2951 χείρονα
636 2916 695 2946 sine
712 2917 753 2947 οὺ,
769 2923 830 2945 cum
849 2916 1007 2946 interm-etc.

1077 2251 1215 2278 Ἐντεῦθεν
1225 2271 1233 2283 ,
1248 2251 1309 2277 ἐπεὶ
1330 2249 1367 2286 μὴ
1393 2247 1443 2276 οἷοί
1456 2258 1487 2276 τε
1506 2249 1608 2276 πείθειν
1620 2248 1780 2284 ἐτύγχανον,
1796 2249 1834 2276 τὺ

1033 2299 1203 2333 προσωπεῖον
1217 2297 1265 2324 καὶ
1285 2296 1334 2332 τὴν
1359 2297 1504 2331 ὑπόκρισιν
1525 2295 1706 2331 ἀποθέμενοι,
1727 2295 1768 2331 τῷ
1795 2304 1834 2323 τε

1033 2344 1112 2379 θυμῴ
1127 2343 1208 2370 πλέον
1222 2342 1359 2375 ζέσαντες,
1376 2343 1423 2369 καὶ
1443 2343 1492 2377 τῆς
1513 2342 1647 2377 καθέδρας
1670 2341 1786 2377 μανικόν
1799 2351 1832 2370 τι

1032 2392 1079 2418 καὶ
1094 2389 1348 2427 παρακεκινημένον
1363 2388 1566 2421 ἐξαναστάντες·
1586 2397 1595 2413 ι
1615 2389 1683 2424 Παρ’
1697 2388 1787 2423 ὑμῶν,
1803 2385 1833 2416 ὦ

1032 2439 1151 2473 ἀνόητοι,
1167 2437 1297 2471 Διονυσίῳ
1311 2435 1378 2470 φασὶ
1400 2435 1447 2461 καὶ
1467 2436 1524 2466 τοῖς
1547 2433 1616 2470 μετὰ
1628 2433 1711 2461 αὑτοῦ
1722 2453 1730 2465 ,
1744 2434 1781 2461 τά
1795 2442 1834 2461 τε

1033 2484 1087 2512 τῶν
1102 2483 1169 2510 θεῶν
1183 2481 1337 2518 ἀτιμοῦται,
1347 2481 1393 2508 καὶ
1406 2481 1441 2507 τὰ
1448 2480 1494 2507 τοῦ
1502 2479 1702 2516 αὐτοκράτορος
1716 2488 1832 2516 μυκτη-

1035 2530 1148 2566 ρίζεται,
1164 2530 1211 2556 καὶ
1222 2529 1353 2564 μαγικαῖς
1364 2527 1498 2558 ἐπινοίαις
1511 2526 1591 2562 δῆθεν
1601 2526 1639 2557 ὡς
1649 2526 1834 2562 θαυματουρ-

1034 2577 1108 2612 γίαις
1120 2577 1196 2612 ὑμεῖς
1206 2576 1269 2607 τοὺς
1283 2574 1335 2601 ὑπὸ
1347 2574 1396 2610 τὴν
1405 2573 1507 2600 τούτων
1516 2573 1602 2608 ἀρχὴν
1612 2572 1767 2599 ὑποσυλᾶτε
1778 2574 1834 2600 καὶ

1035 2621 1239 2658 σφετερίζεσθε;
1254 2631 1262 2646 ι
1273 2621 1305 2648 Οἱ
1318 2621 1346 2647 δὲ
1354 2620 1437 2654 ἀγιοι,
1448 2629 1458 2645 ι
1477 2620 1584 2654 Ὅμοιοι
1598 2619 1690 2650 αὐτοῖς
1703 2619 1836 2653 γένοιντο

1033 2671 1059 2697 οὶ
1081 2669 1234 2705 τιμῶντεςι
1255 2678 1264 2693 ι
1279 2668 1329 2703 μιᾷ
1350 2666 1418 2703 πρὸς
1433 2666 1531 2697 αὐτοὺς
1550 2665 1654 2700 ἔφησαν
1668 2665 1701 2699 τῇ
1729 2665 1832 2700 φωνῇ·

1033 2726 1046 2743 ‹
1061 2717 1140 2752 ἡμεῖς
1153 2716 1182 2742 δὲ
1203 2715 1234 2741 οὺ
1258 2715 1389 2750 μαγικαῖς
1411 2712 1560 2743 ἐπινοίαις,
1588 2710 1626 2742 ὡς
1643 2710 1720 2737 αὐτοί
1743 2718 1834 2745 φατε,

1033 2762 1102 2789 ἀλλὰ
1114 2763 1147 2797 τῇ
1161 2760 1208 2788 τοῦ
1229 2760 1297 2787 Θεοῦ
1320 2759 1397 2794 ἡμῶν
1417 2759 1465 2785 κα)⁵
1483 2758 1516 2792 τῇ
1531 2756 1578 2783 τοῦ
1593 2755 1726 2788 ζωοποιοῦ
1740 2756 1835 2783 αὐτοῦ

1033 2808 1191 2844 Πνεύματος
1203 2806 1345 2841 ἐπικλήσει
1360 2804 1407 2832 καὶ
1433 2803 1558 2840 ἐνεργείᾳ
1580 2802 1690 2837 τυφλοῖς
1710 2802 1743 2828 τὸ
1766 2802 1836 2836 βλέ-

1035 2863 1106 2886 πειν,
1122 2854 1224 2888 κωφοῖς
1239 2852 1269 2878 τὸ
1282 2851 1382 2883 λαλεῖν,
1395 2850 1472 2886 βάσιν
1486 2858 1516 2876 τε
1530 2848 1636 2884 χωλοῖς,
1658 2847 1706 2874 καὶ
1728 2847 1834 2884 δαιμο-

1030 2919 1075 2942 aut
1092 2914 1268 2942 scribendum
1285 2912 1316 2939 οὐ
1331 2912 1482 2948 κρείττονα.
1499 2909 1576 2937 Enn.
1591 2907 1677 2936 Pun.
