1950 3065
151 166 206 196 ⁸05

604 174 696 207 νιΤΑ.
714 176 879 206 AUCTORE
897 179 1061 209 SYMEONE
1078 181 1344 212 METAPHRASTE.

1722 191 1774 220 606

152 226 219 254 νῶσι
234 227 403 263 προσέχομεν
416 228 505 257 ἴασιν·
526 227 564 258 ὧν
591 233 652 260 οὺδέ
680 235 786 267 ἑαυτοῖς
813 236 890 264 οὐδὲν
912 237 937 264 0!

989 239 1099 274 quidem
1115 245 1230 275 possunt
1240 242 1324 270 vestri
1334 242 1372 270 dii
1383 242 1530 278 quidquam
1542 245 1673 280 lambere,
1686 251 1715 274 ιιι
1727 249 1774 283 qui

152 273 279 309 ὑμέτεροι
295 273 361 308 θεοὶ,
375 275 424 302 ἅτε
438 275 502 308 ξύλα
515 278 562 304 καὶ
574 278 653 311 λίθοι,
667 280 758 308 δοῦναι
772 281 937 318 δεδύνηνται·

152 320 250 353 Στόμα
266 319 321 353 γὰρ
336 320 452 354 ἔχουσι,
469 323 518 349 καὶ
531 325 568 351 οὐ
583 326 744 353 λαλοῦσιν·
756 328 937 362 ὀφθαλμοὺς,

152 364 202 391 καί
217 365 253 391 σὺ
266 365 456 397 βλέπουσιν·
469 368 540 402 ὦτα,
555 371 603 397 καὶ
618 372 673 398 οὐκ
695 372 869 401 ἀκούουσιν.
891 375 938 401 Ἓν

150 411 230 437 τοῦτο
245 411 323 446 μόνον
333 413 397 448 ὑμῖν
410 414 561 450 ἐνεργοῦσι,
576 417 608 443 τὸ
621 418 797 455 ἀτελεύτητον
811 419 867 456 πῦρ
874 421 939 447 ἀνα-

152 456 307 491 φλέγουσιν.
320 467 330 484 ι
344 459 454 492 Τούτοις
467 461 604 490 ἀντειπεῖν
622 464 654 490 οὐ
668 464 828 501 δυνηθέντες
847 466 873 492 οἱ
892 466 939 493 τύ-

151 509 253 537 ραννοι,
261 504 342 540 δριμύ
354 513 381 532 τι
389 506 436 532 καὶ
450 507 610 543 παράφορον
624 510 664 541 είς
673 510 772 542 αὐτοὺς
786 511 936 544 ὑπιδόντες,

151 548 198 575 καὶ
211 549 246 576 τὰ
260 549 322 587 ξίφη
334 552 512 588 σπασάμενοι,
527 555 596 589 πρὸς
609 555 654 582 τὸν
669 556 748 591 φόνον
761 557 935 589 ὁπλίζονται·

150 595 198 621 καὶ
214 595 246 631 δὴ
266 596 306 628 ὡς
329 597 384 624 ἀπὸ
409 599 521 635 σημείου
545 600 658 634 τούτους
686 602 866 637 ἐξαγαγόντες
888 605 938 640 τῆς

151 640 265 674 πόλεως,
283 643 330 669 ἐπί
352 652 412 671 τινα
429 647 552 681 κορυφὴν
567 646 710 683 δεσμώτας
731 649 873 683 ἀνάγουσι,
891 650 938 677 καὶ

149 688 207 719 τοῖς
222 688 328 724 δημίοις
343 689 378 717 τὰ
388 691 462 726 πρὸς
487 693 594 729 σφαγὴν
610 694 802 729 ἐγχειρίζουσι.
827 695 937 729 Μεταξὺ

149 731 179 759 δὲ
196 734 290 769 καιρὸν
320 736 344 761 ot
371 735 444 770 ἆγιοι
467 738 574 765 αἰτοῦσι
597 741 768 776 προσευχῆς,
795 742 842 768 καὶ
872 743 937 777 γόνυ

151 778 294 807 κλίνουσιν.
324 781 369 807 Ἐν
390 782 511 818 τοσούτῳ
533 784 562 811 δὲ
583 786 598 812 ὀ
622 786 787 823 ίερομάρτυς
808 788 855 814 τοῦ
871 789 938 824 Χρι-

151 824 215 851 στοῦ
240 826 392 859 Διονύσιος,
418 827 449 854 τὸ
480 828 556 864 δμμα
573 830 613 862 είς
637 831 769 867 οὐρανοὺς
784 833 935 867 ἀνατείνας·

153 879 163 896 ι
178 870 299 897 Δέσποτα
314 872 365 899 Θεὲ
381 874 581 912 παντόκρατορ,
600 876 658 908 Υἱέ,
682 879 764 914 φησὶ,
784 880 936 915 μονογενὲς,

150 917 197 943 καὶ
214 917 289 964 ἅγιον
298 918 421 955 Πνεῦμα,
433 921 518 956 Τριὰς
530 922 595 956 ἁγία
611 922 713 959 ἄναρχε
729 925 776 952 καὶ
792 926 935 964 ἀμέριστε,
952 921 973 947 Β

150 961 295 998 πρόσδεξαι
316 964 367 996 τὰς
390 965 444 992 τῶν
471 966 525 993 σῶν
556 968 657 996 δούλων
680 971 709 996 ἐν
725 972 823 1012 εἰρήνη
836 961 934 1008 ψυχὰς,

150 1008 191 1034 ὅτι
208 1008 290 1036 ἐνεκά
318 1018 365 1036 σου
389 1011 586 1048 θανατούμεθα.
603 1024 612 1039 ι
646 1015 700 1042 Καὶ
722 1016 776 1043 τῶν
798 1008 883 1052 ἁγίων
905 1019 936 1045 τὸ

153 1063 162 1081 ι
175 1055 260 1092 Ἀμὴν
270 1065 279 1081 ι
290 1058 532 1093 ἐπιφωνησάντων,
542 1060 677 1095 πρὸςτοὺς
684 1062 798 1098 δημίους
807 1065 849 1091 ἐπι
854 1073 936 1101 στρα-

150 1100 227 1135 φεὶς,
248 1111 257 1127 ι
269 1102 305 1128 Τὸ
321 1103 465 1131 κελευσθὲν
481 1105 545 1140 ὑμῖν
561 1106 706 1140 ἐκτελείτε,
724 1118 733 1135 ν
754 1110 845 1145 φησίν.
863 1100 895 1138 υί
906 1111 935 1138 δὲ

151 1145 247 1182 πρῶτα
265 1147 314 1182 μὲν
329 1147 379 1183 τὴν
395 1148 442 1175 τοῦ
461 1150 594 1186 μακαρίου
612 1152 759 1184 Διονυσίου,
777 1151 837 1180 εἶτα
858 1154 934 1181 Ῥου-

150 1191 243 1219 στικοῦ
259 1193 306 1219 καὶ
330 1193 496 1230 Ἐλευθερίου
528 1196 688 1232 ἐπιτέμνουσι
712 1199 840 1235 κεφαλήν.
866 1201 934 1228 Ἀλλ’

148 1237 208 1265 οὐδὲ
222 1238 310 1274 τούτῳ
337 1239 395 1272 σοῦ,
413 1240 545 1274 Διονύσιε,
571 1243 585 1269 ὁ
600 1242 644 1269 διὰ
661 1243 691 1269 σέ
707 1244 802 1272 παθὼν
824 1246 872 1272 τοῦ
899 1247 934 1273 δι’

148 1283 230 1310 αὑτὸν
245 1284 408 1321 θνήσκοντος
425 1286 608 1323 ἐπιλέλησται·
620 1288 689 1317 ἀλλά
698 1299 724 1317 τι
741 1290 788 1317 καὶ
805 1292 869 1328 περὶ
884 1292 934 1328 τὴν

147 1331 267 1367 ἐκτομὴν
283 1332 427 1369 τεράστιον
450 1334 645 1364 ἐπιδείκνυται.
668 1337 722 1365 Καὶ
739 1338 792 1374 γὰρ
807 1338 856 1374 τὴν
872 1339 935 1366 ἐαυ-

146 1377 195 1403 τοῦ
222 1378 352 1414 κεφαλὴν,
368 1378 462 1415 ὥσπερ
483 1389 510 1407 τι
528 1380 664 1416 βραϐεῖον,
682 1384 712 1410 ἐν
727 1385 788 1410 ταῖν
814 1385 904 1420 χεροῖν
920 1386 934 1412 ὁ

149 1423 254 1458 μάρτυς
270 1423 425 1460 δεξάμενος,
451 1425 495 1461 ἐφ’
511 1426 602 1454 ἱκανὸν
618 1428 701 1455 τόπον
724 1428 828 1457 δίεισιν.
849 1431 932 1465 Ἔφε-

146 1477 194 1505 ρεν
209 1467 256 1496 οὖν
271 1469 320 1505 τὴν
336 1470 466 1507 κεφαλὴν,
483 1472 607 1509 καθάπερ
622 1482 649 1500 τι
665 1474 805 1510 τρόπαιον,
818 1475 863 1502 ἐπὶ
879 1475 933 1502 τῶν

146 1515 245 1552 χειρῶν
261 1516 352 1549 αὐτὸς,
364 1518 416 1544 me
432 1518 507 1551 θείας
524 1519 632 1551 πάντως
648 1521 796 1558 φερόμενος
811 1523 931 1558 χάριτος,

147 1561 194 1588 καὶ
210 1562 240 1588 οὗ
258 1563 390 1599 πρότερον
415 1564 511 1600 ἀνῆκε,
537 1565 604 1602 πρὶν
621 1567 666 1593 ὅτε
681 1567 713 1603 δὴ
737 1569 847 1602 γυναικὶ
863 1569 932 1596 κατὰ

146 1605 221 1633 Θείαν
238 1607 345 1640 πάντως
362 1609 530 1645 συνενεχθεὶς
553 1611 682 1647 πρόνοιαν
712 1612 820 1647 ἐκείνης
845 1613 932 1641 παλά-

145 1660 222 1686 μαις,
238 1650 282 1680 οἷά
311 1662 372 1680 τινα
404 1654 556 1692 θησαυρὸν,
573 1657 729 1684 ἐναπέθετο.
749 1659 874 1686 Ἔκειντο
904 1660 932 1687 δέ

144 1699 318 1735 ἀμελούμενα
332 1701 366 1727 τὰ
382 1701 436 1728 τῶν
454 1702 539 1737 ἁγίων
557 1704 704 1741 μαρτύρων
720 1705 799 1741 τίμια
817 1706 931 1742 σώματα

145 1743 227 1781 θηρσὶ
243 1746 311 1782 βορὰ
328 1748 374 1774 καὶ
385 1748 488 1784 ὀρνέοις
513 1750 691 1786 προκείμενα,
710 1752 778 1788 μηδέ
791 1753 840 1788 τῆς
856 1762 929 1780 νενο-

144 1790 280 1826 μισμένης
296 1791 410 1827 λαχόντα
426 1793 524 1828 ταφῆς.

179 1837 210 1864 Οἱ
228 1837 320 1873 μέντοι
340 1839 432 1874 δήμιοι
464 1839 523 1866 οὺδέ
548 1840 629 1877 μέχρι
659 1841 756 1868 τούτου
780 1842 831 1878 τῆς
847 1842 931 1879 ὀργῆς

142 1882 269 1919 ἔστησαν·
286 1884 353 1912 ἀλλὰ
368 1885 414 1913 καὶ
430 1886 486 1918 τοῖς
510 1885 644 1922 λειψάνοις
667 1888 757 1920 αὐτοῖς
774 1889 932 1925 ἐπιμαίνον-

142 1937 198 1962 ται,
216 1930 337 1968 θαλάσσῃ
351 1932 443 1959 δοῦναι
460 1932 506 1960 καὶ
523 1933 596 1969 βυθῷ
623 1934 860 1971 προθυμούμενοι,
891 1937 930 1969 ὼς

141 1974 176 2002 ἂν
194 1975 231 2012 μὴ
246 1976 296 2008 τὰς
312 1977 407 2009 αὑτὰς,
425 1977 471 2004 καὶ
497 1978 589 2014 ἄψυχα
605 1979 681 2011 ὄντα,
708 1979 930 2017 θαυματουργίας

142 2021 322 2055 ἐνδείξαιντο,
356 2023 502 2051 κάντεῦθεν
523 2023 620 2056 ἓλξωσι
635 2026 698 2058 τοὺς
724 2025 837 2058 πολλοὺς
861 2026 930 2064 πρὸς

142 2065 299 2100 ἐπίγνωσιν.
322 2067 354 2094 Ὀ
377 2067 418 2102 δὴ,
437 2067 475 2099 ὡς
491 2068 583 2101 αὺτοῖς
607 2069 690 2102 ἔδοξε,
717 2071 828 2105 γέγονεν
844 2071 887 2103 ἂν,
905 2073 929 2098 ει

142 2111 181 2146 μὴ
197 2112 231 2147 τῇ
250 2113 355 2148 πονηρᾷ
370 2113 459 2149 ταύτῃ
475 2113 562 2151 πέρας
578 2115 756 2152 ἐπενεχθῆναι
780 2116 860 2152 βουλῇ
877 2117 930 2144 διε-

141 2156 261 2184 κώλυσεν
277 2158 291 2184 ὁ
307 2158 382 2190 Θεός.
400 2159 552 2195 Αίσθομὲνη
579 2160 633 2197 γὰρ
648 2161 695 2188 τοῦ
713 2161 895 2198 βουλεύματος
911 2164 929 2199 ἡ

140 2203 190 2240 τὴν
205 2204 300 2240 τιμίαν
313 2205 352 2240 τῷ
368 2205 426 2241 Θεῷ
452 2206 572 2242 κεφαλὴν
594 2207 728 2244 δεξαμένη
755 2209 851 2245 (ὄνομα
873 2211 930 2237 Κα-

989 285 1047 313 sint
1063 286 1135 322 ligna
1150 290 1178 314 et
1193 287 1306 322 lapides.
1323 288 1359 316 Os
1368 290 1437 316 enim
1448 290 1554 323 habent,
1566 296 1651 319 etnon
1667 293 1776 327 loquun-

991 334 1051 357 tur:
1069 332 1171 363 oculos,
1183 335 1208 358 et
1224 340 1276 358 non
1287 332 1390 360 vident:
1407 342 1496 366 aures,
1511 340 1536 362 et
1557 344 1610 363 non
1624 337 1736 365 audiunt
1748 338 1775 368 Ι.

989 375 1080 404 Unum
1096 376 1147 404 hoc
1162 377 1249 404 solum
1263 378 1341 406 vobis
1353 379 1487 408 eliiciunt:
1505 383 1657 411 accendunt
1673 385 1774 420 ignem,

988 423 1035 458 qui
1046 430 1186 458 nunquam
1199 423 1315 452 desinet.
1329 434 1339 450 ι
1351 425 1487 454 Adversus
1497 427 1555 455 haec
1568 436 1630 456 cum
1643 438 1696 457 non
1708 438 1774 466 pos-

988 473 1053 497 sent
1067 470 1178 505 tyranni
1193 471 1392 504 contradicere,
1408 476 1486 501 torve
1497 478 1524 501 et
1533 474 1630 503 insane
1640 483 1688 504 eos
1700 478 1775 512 aspi-

988 517 1104 550 cientes,
1117 517 1222 545 strictis
1236 517 1334 552 gladiis
1349 525 1379 545 se
1396 522 1493 554 parant
1509 519 1589 555 352
1605 522 1641 549 ad
1655 523 1773 557 caedem;

988 567 1100 595 etcum,
1120 567 1250 598 tanquam
1267 563 1345 599 signo
1361 564 1435 597 dato,
1452 573 1499 593 eos
1519 566 1679 595 eduxissent
1698 573 1775 597 extra

988 610 1143 643 civitatem,
1160 610 1269 638 vinctos
1284 610 1389 638 ducunt
1413 611 1446 639 ad
1467 612 1604 647 quoddam
1629 622 1774 648 cacumen,

988 660 1015 684 et
1030 656 1143 683 tradunt
1162 656 1318 689 lictoribus,
1341 662 1370 684 ut
1394 665 1442 686 eos
1470 658 1644 688 interﬁciant.
1669 660 1774 690 Interea

989 704 1079 729 autem
1092 705 1190 737 petunt
1206 703 1295 730 sancti
1314 708 1422 739 tempus
1435 706 1583 739 precandi,
1598 705 1711 734 ﬂectunt
1728 716 1775 744 ge-

987 756 1053 776 nua.
1072 747 1141 775 Tum
1165 754 1358 778 sacrosanctus
1374 750 1476 779 Christi
1496 757 1600 788 martyr
1617 753 1772 789 Dionysius,

985 794 1103 822 sublatis
1116 795 1144 822 in
1159 795 1259 822 coelum
1274 797 1378 824 oculis:
1400 806 1408 822 ι
1423 796 1537 825 Domine
1560 798 1631 826 Deus
1649 800 1776 836 omnipo-

987 844 1060 872 tens,
1089 840 1152 872 Fili,
1181 841 1280 876 inquit,
1308 842 1457 877 unigenite,
1478 847 1505 871 et
1525 848 1618 872 sancte
1641 844 1772 880 Spiritus,

987 890 1083 914 sancta
1100 886 1221 914 Trinitas
1236 888 1371 923 principio
1386 897 1500 922 carens,
1517 894 1544 917 et
1565 891 1592 918 in
1615 899 1695 926 quam
1719 901 1774 920 non

987 930 1061 957 cadit
1072 930 1182 964 divisio,
1198 933 1309 968 suscipe
1320 940 1460 961 servorum
1475 938 1585 963 tuorum
1601 936 1628 963 in
1638 944 1704 971 pace
1712 938 1773 965 ani-

986 984 1056 1009 mas,
1068 978 1197 1013 quoniam
1211 983 1322 1014 propter
1338 983 1364 1008 te
1374 985 1462 1009 morte
1477 981 1619 1012 allicimur.
1633 993 1642 1010 ι
1668 984 1699 1011 Et
1711 993 1773 1012 cum

986 1022 1086 1055 sancti,
1107 1032 1115 1048 ι
1129 1023 1226 1056 Amen,
1242 1033 1251 1050 ›
1263 1024 1474 1058 acclamassent,
1487 1034 1637 1056 conversus
1648 1029 1681 1055 ad
1693 1029 1774 1056 licto-

985 1076 1046 1097 res:
1066 1079 1075 1095 ι
1087 1068 1190 1102 Facite,
1204 1071 1303 1106 inquit,
1319 1071 1392 1106 quod
1408 1072 1459 1098 fuit
1472 1073 1550 1101 vobis
1567 1074 1739 1109 imperatum.
1760 1085 1770 1101 υ

985 1114 1026 1141 llli
1039 1119 1130 1142 autem
1146 1115 1264 1150 primum
1288 1115 1400 1150 quidem
1420 1117 1492 1144 beati
1517 1117 1650 1154 Dionysii,
1674 1119 1774 1147 deinde

984 1159 1090 1188 Rustici
1106 1164 1133 1187 et
1144 1160 1294 1188 Eleutherii
1314 1165 1397 1195 caput
1426 1166 1576 1197 amputant.
1602 1163 1655 1191 Sed
1668 1172 1720 1192 nec
1745 1166 1772 1192 in

984 1205 1037 1232 hoc
1054 1204 1164 1240 quidem
1179 1205 1213 1240 (ο
1225 1205 1355 1242 Dionysi)
1372 1207 1406 1238 is,
1432 1208 1479 1242 qui
1495 1211 1608 1243 propter
1622 1212 1649 1237 te
1673 1217 1772 1244 passus

983 1254 1037 1283 est,
1054 1251 1105 1278 fuit
1127 1252 1228 1279 oblitus
1248 1252 1308 1286 ejus
1330 1252 1376 1287 qui
1392 1257 1504 1288 propter
1526 1254 1614 1289 ipsum
1641 1255 1771 1288 moritur;

983 1297 1032 1326 sed
1046 1297 1209 1325 miraculum
1224 1299 1306 1326 etiam
1323 1299 1444 1326 ostendit
1456 1299 1484 1326 in
1500 1301 1696 1335 amputatione.
1710 1300 1773 1329 Ele-

983 1344 1040 1371 nim
1055 1351 1117 1371 cum
1137 1352 1218 1372 suum
1235 1349 1318 1380 caput
1346 1350 1477 1381 tanquam
1503 1346 1614 1382 aliquod
1629 1347 1772 1382 praemium

983 1393 1087 1426 martyr
1105 1391 1164 1418 suis
1176 1391 1327 1426 accepisset
1342 1391 1481 1424 manibus,
1509 1393 1609 1420 transit
1632 1393 1665 1420 ad
1680 1401 1772 1420 remo-

983 1436 1081 1464 tiorem
1095 1436 1197 1464 locum.
1212 1436 1327 1465 Ferebat
1338 1445 1403 1473 ergo
1418 1438 1477 1473 ipse
1497 1443 1579 1473 caput
1591 1439 1618 1465 in
1633 1439 1772 1472 manibus,

982 1485 1113 1517 tanquam
1128 1482 1238 1517 aliquod
1254 1482 1417 1517 tropltaeum,
1436 1490 1451 1509 a
1465 1482 1558 1510 divina
1579 1485 1692 1511 omnino
1706 1491 1772 1518 por-

984 1519 1169 1563 tatusgratia,
1185 1536 1274 1563 neque
1289 1529 1366 1563 prius
1379 1527 1494 1561 dimisit,
1508 1536 1591 1564 quam
1607 1529 1716 1556 mulieri
1729 1529 1772 1556 di-

984 1571 1046 1598 vina
1061 1573 1179 1606 quadam
1205 1572 1318 1599 omnino
1343 1579 1493 1600 occurrens
1520 1573 1691 1608 providentia
1706 1592 1715 1606 ,
1743 1574 1771 1600 in

983 1616 1057 1644 illius
1080 1617 1207 1645 manibus
1226 1617 1370 1653 deposuit,
1384 1618 1470 1646 veluti
1492 1619 1638 1654 quemdam
1659 1619 1771 1647 thesau-

979 1669 1052 1689 rum.
1062 1660 1195 1690 Jacebant
1209 1667 1300 1690 autem
1315 1663 1439 1698 neglecta
1449 1668 1608 1692 sanctorum
1620 1668 1771 1699 martyrum

979 1708 1135 1735 veneranda
1149 1716 1278 1744 corpora,
1292 1708 1359 1736 feris
1371 1713 1398 1737 et
1413 1709 1510 1737 avibus
1525 1709 1560 1737 ad
1571 1709 1708 1737 edendum
1723 1717 1771 1737 e1-

982 1755 1084 1790 posita,
1099 1758 1126 1782 et
1139 1755 1278 1791 necjusta
1302 1755 1414 1791 quidem
1439 1756 1587 1791 sepultura:
1610 1761 1769 1784 consecuta.

1016 1842 1140 1872 Lictores
1155 1847 1245 1871 autem
1260 1851 1296 1871 ne
1309 1843 1444 1871 hactenus
1456 1843 1567 1879 quidem
1583 1843 1665 1872 irasci
1679 1843 1771 1872 desie-

980 1893 1045 1918 runt
1055 1910 1063 1921 .
1081 1890 1129 1918 sed
1143 1890 1226 1918 etiam
1245 1890 1273 1917 in
1288 1889 1364 1925 ipsas
1379 1890 1474 1917 [urunt
1485 1890 1627 1925 reliquias,
1643 1893 1769 1918 statuen-

981 1941 1024 1964 tes
1037 1943 1085 1964 eas
1096 1937 1123 1963 in
1135 1936 1219 1964 maris
1230 1935 1396 1971 profundum
1406 1936 1550 1972 projicere,
1565 1944 1599 1963 ne
1613 1936 1655 1964 vel
1677 1936 1769 1963 inani-

980 1987 1061 2010 matae
1071 1982 1209 2010 ellicerent
1221 1982 1367 2015 miracula,
1381 1986 1408 2009 et
1427 1982 1489 2010 ideo
1513 1981 1683 2009 attraherent
1700 1981 1770 2008 Inul-

979 2031 1024 2055 tos
1037 2027 1073 2055 ad
1094 2027 1273 2063 agnitionem.
1291 2027 1368 2061 Quod
1384 2029 1477 2061 etiam,
1491 2032 1520 2055 ut
1533 2027 1572 2055 eis
1587 2028 1677 2056 visum
1696 2031 1768 2060 erat,

978 2073 1081 2102 factum
1096 2077 1182 2105 esset,
1193 2074 1247 2101 nisi
1261 2074 1313 2101 hoc
1326 2075 1429 2102 malum
1438 2074 1583 2102 consilium
1597 2074 1631 2100 ad
1642 2073 1768 2101 eil'ectuin

980 2119 1078 2148 deduci
1086 2119 1158 2148 Deus
1169 2119 1366 2155 prohibuisset.
1376 2120 1445 2147 Nam
1457 2128 1519 2147 cum
1531 2119 1662 2147 sensisset
1673 2126 1768 2146 eorum

980 2166 1106 2197 consilia,
1121 2173 1154 2194 ea
1169 2173 1230 2201 quae
1243 2166 1393 2201 pretiosum
1407 2165 1536 2202 martyris
1550 2169 1633 2200 caput
1654 2172 1769 2200 accepe-

978 2216 1022 2238 rat
1030 2212 1150 2248 (mulleri
1162 2219 1262 2239 nomen
1273 2216 1332 2240 erat
1343 2211 1462 2248 Catula),
1473 2215 1592 2239 mentem
1605 2219 1682 2239 suam
1691 2218 1768 2239 com-

139 2250 222 2278 τούλα
237 2253 270 2287 τῇ
288 2253 407 2289 γυναικί)
425 2254 561 2285 κοινοῦταί
587 2263 648 2281 τινα
663 2257 720 2288 τοῖς
737 2258 842 2290 πιστοῖς
858 2258 928 2292 γνώ-

982 2256 1285 2290 municabatlidelibus,
1303 2261 1333 2285 ut
1357 2256 1412 2284 Deo
1435 2261 1540 2292 gratam
1564 2260 1591 2284 et
1614 2259 1766 2291 acceptam.

141 2305 195 2332 μην
211 2297 248 2329 ὡς
264 2298 382 2334 ἀρεστὴν
411 2298 451 2334 τῷ
479 2299 538 2335 Θεῷ
570 2300 616 2327 καὶ
632 2301 791 2329 ἀπόδεκτον
814 2304 860 2330 καὶ¹
878 2312 927 2331 πο-

139 2342 237 2379 λυτελῆ
254 2344 428 2381 παραθεμένη
445 2346 494 2382 τὴν
510 2346 660 2381 τράπεζαν,
677 2349 717 2380 εὶς
733 2349 848 2384 εὐωχίαν
864 2351 928 2382 τοὺς

139 2388 252 2424 δημίους
283 2391 446 2426 παρέλαΰεν.
480 2393 524 2420 Ἐν
540 2394 595 2429 ὅσῳ
625 2395 654 2422 δὲ
685 2393 757 2422 οὗτοι
788 2396 928 2423 εἱστιῶντο

139 2435 217 2471 παρὰ
232 2437 266 2472 τῇ
283 2438 409 2471 γυναικὶ,
440 2439 495 2466 τῶν
511 2441 615 2469 πιστῶν
639 2450 713 2474 τινες
728 2442 763 2470 τὰ
778 2443 857 2479 τίμια
872 2443 927 2470 τῶν

140 2481 287 2518 μαρτύρων
304 2484 523 2520 ὑπολαμϐάνουσι
539 2486 652 2521 λείψανα
670 2488 717 2515 καὶ
733 2490 761 2515 ἐν
777 2489 816 2525 τῷ
830 2490 928 2525 ἀφανεῖ

139 2529 340 2558 κατατίθενται.
358 2530 432 2564 Εἶτα,
449 2532 498 2568 τῆς
515 2533 631 2569 εὐωχίας
647 2534 818 2571 διαλυθείσης
829 2556 837 2568 ,
869 2538 926 2569 τοῖς

137 2575 245 2611 δημίοις
261 2577 292 2603 τὸ
307 2578 423 2613 πρᾶγμα
448 2579 606 2614 φωράσασιν
622 2581 669 2607 ἐπὶ
687 2581 758 2617 μέγα
774 2583 820 2609 καὶ
845 2582 926 2609 πάλιν

137 2622 288 2650 ἁνεκινεῖτο
303 2623 337 2650 τὰ
353 2623 400 2650 τοῦ
418 2623 503 2660 θυμοῦ
523 2625 569 2652 καὶ
585 2626 796 2663 διεθερμαίνετοο
813 2629 880 2656 ἀλλὰ
894 2629 925 2656 τὸ

137 2668 187 2703 τῆς
203 2669 288 2705 ὀργῆς
304 2668 363 2701 ζέον
383 2669 417 2696 τὰ
433 2669 508 2707 δῶρα
525 2671 670 2706 κατέψυξε,
688 2673 735 2699 καὶ
749 2673 779 2699 τὸ
796 2674 861 2700 πολὺ
877 2674 924 2702 τοῦ

136 2713 223 2749 θυμοῦ
239 2715 375 2750 χρήμασιν
392 2717 408 2752 ἡ
425 2716 494 2752 γυνὴ
512 2716 654 2752 παραλύει.
681 2718 820 2745 Κὰκείνων
843 2720 925 2747 ἀπαλ-

136 2761 283 2794 Ααγέντων,
301 2761 329 2788 ἐν
344 2770 397 2789 τινι
413 2762 448 2790 τὰ
473 2763 527 2790 τῶν
545 2764 693 2800 μαρτύρων
715 2765 826 2800 λείψανα
843 2768 859 2803 ἡ
877 2776 925 2803 μα-

137 2805 220 2841 καρία
236 2806 364 2834 Κατούλα
390 2807 528 2844 δομήματι
555 2809 727 2846 κατατίθησι,
754 2811 849 2849 τρίτην
875 2813 923 2841 τοῦ

173 2894 186 2915 Ιι
204 2894 276 2924 Psal.
311 2904 391 2930 cxiii,
403 2898 429 2931 5,
446 2897 472 2926 6.

979 2302 1012 2330 Et
1027 2311 1090 2330 cum
1105 2302 1276 2338 splendidam
1291 2306 1319 2331 et
1335 2303 1437 2330 lautam
1453 2307 1612 2338 apparasset
1632 2309 1765 2334 mensam,

977 2350 1087 2378 lictores
1102 2351 1208 2386 accepit
1219 2350 1353 2377 convivio.
1370 2349 1481 2377 lnterim
1495 2356 1571 2381 vero,
1584 2348 1648 2376 dum
1658 2348 1677 2375 ii
1693 2356 1764 2376 (zon-

978 2396 1079 2424 vivium
1095 2396 1200 2425 inibant
1216 2396 1290 2431 apud
1304 2396 1458 2428 mulierem,
1471 2395 1581 2431 quidam
1597 2403 1630 2423 ex
1643 2395 1766 2422 ﬁdelibus

976 2443 1117 2479 accipiunt
1131 2446 1286 2479 martyrum
1297 2442 1440 2478 reliquias,
1465 2447 1491 2470 et
1513 2450 1559 2470 eas
1582 2441 1764 2469 abscondunt.

975 2489 1090 2522 Deinde,
1104 2490 1180 2518 ﬁnito
1195 2490 1332 2522 convivio,
1346 2498 1409 2518 cum
1424 2497 1484 2518 eam
1500 2498 1557 2517 rem
1571 2488 1766 2525 deprehendis-

976 2542 1038 2564 sent
1050 2537 1171 2570 lictores,
1188 2536 1228 2564 ira
1244 2536 1324 2564 valde
1337 2540 1416 2564 erant
1428 2536 1546 2571 perciti;
1561 2536 1609 2564 sed
1632 2535 1766 2563 fervorem

975 2579 1023 2608 ira:
1035 2580 1167 2608 sedarunt
1181 2588 1306 2614 munera,
1321 2585 1350 2609 et
1366 2581 1557 2609 vehementem
1572 2580 1694 2608 furorem
1708 2580 1766 2607 dis—

975 2625 1056 2657 solvit
1069 2626 1168 2654 mulier
1178 2626 1305 2662 pecunia.
1322 2626 1390 2654 Cum
1408 2627 1447 2654 illi
1463 2631 1553 2654 autem
1569 2626 1763 2656 recessissent,

975 2672 1003 2700 in
1014 2674 1132 2708 quadam
1144 2674 1225 2702 domo
1237 2674 1350 2710 deponit
1360 2673 1459 2701 Catula
1471 2678 1619 2709 martyrum
1635 2672 1765 2706 reliquias

976 2721 1056 2748 tertio
1070 2721 1173 2749 mensis
1201 2719 1349 2754 Octobris,
1377 2720 1459 2756 353
1483 2719 1624 2747 miraculis
1648 2718 1762 2761 allatim,

974 2765 1184 2801 profluentibus,
1201 2767 1315 2802 perinde
1340 2775 1373 2794 ac
1387 2767 1480 2802 aliquo
1506 2766 1579 2794 fonte
1603 2765 1716 2801 pulchre
1736 2769 1763 2792 et

975 2814 1100 2843 suaviter
1114 2819 1254 2843 manante.
1268 2814 1329 2843 Non
1347 2814 1463 2842 multum
1488 2812 1620 2848 temporis
1630 2812 1751 2840 interces
