1950 3065
195 159 247 188 601

762 161 790 188 S.
814 160 963 189 DIONYSII
979 160 1210 190 AREOPAGITE

195 218 243 251 sit,
267 221 295 245 et
315 218 510 248 convenientes
529 220 674 248 christiani
700 221 831 256 tcmplum
861 221 985 256 gloriosis

1040 222 1194 258 ὀκτωὸριου
1213 221 1296 257 μηνὸς
1323 222 1444 254 ἄγοντος.
1475 221 1536 248 Τῶν
1551 220 1579 248 δὲ
1609 220 1754 257 θαυμάτων
1783 220 1827 250 οἷά

195 263 316 290 excitant
331 265 492 297 victoribus,
511 270 538 293 et
559 266 587 293 in
603 266 662 301 ipso
673 274 768 293 eorum
789 267 924 301 pretiosas
938 267 986 294 de-

196 313 302 344 ponunt
315 310 445 345 reliquias
458 321 465 338 :
482 312 515 339 ad
526 312 641 347 gloriam
658 311 706 339 Dei
721 311 822 344 Patris,
833 316 861 340 et
876 311 985 339 Domini

195 354 283 382 nostri
298 354 363 383 Jesu
376 355 479 384 Christi
492 366 498 384 ε
515 365 596 392 quem
612 357 689 385 decet
705 357 793 384 honor
807 361 834 385 et
848 357 983 391 adoratio,

195 408 269 428 nunc
282 404 310 428 et
325 409 443 437 semper,
459 405 486 430 et
502 403 529 430 in
548 403 646 430 saecula
658 403 834 431 saeculorum.
850 403 947 431 Amen.

1037 276 1110 300 τινος
1140 268 1233 304 πηγῆς
1262 267 1330 303 ὁμοῦ
1357 267 1473 303 ναοὺσης
1502 267 1548 294 καὶ
1564 267 1680 302 ἥδιστον,
1703 268 1827 303 ἀφθόνως

1039 314 1254 349 προχεομένων,
1279 314 1311 340 οὐ
1337 313 1403 340 πολὺ
1434 313 1465 340 τὸ
1490 314 1520 339 ἐν
1553 312 1627 349 μέσῳ
1656 313 1828 346 συνελθόντες

1038 359 1197 396 Χριστιανοὶ
1223 359 1285 386 ναὸν
1311 360 1367 392 τοῖς
1392 359 1556 390 καλλινίκοις
1572 359 1756 395 ἀνεγείρουσι,
1780 362 1828 386 και

1036 404 1073 431 τὰ
1091 404 1170 440 τίμια
1197 404 1301 432 τούτων
1318 399 1354 432 ’ὲν
1371 404 1445 439 αὑτῷ
1467 403 1623 431 ἀποτιθέασι
1638 404 1760 439 λείψανα·
1786 404 1827 435 εις

194 447 274 481 δόξαν
295 448 363 476 Θεοῦ
390 449 516 487 Πατρὸς,
542 451 588 477 καὶ
609 450 714 486 Κυρίου
737 450 816 486 ήμῶν
851 450 939 487 Ἰησοῦ
970 451 1107 486 Χριστοῦ,
1140 449 1163 486 ᾧ
1190 452 1290 488 πρέπει
1323 452 1389 488 τιμὴ
1419 451 1465 478 καὶ
1491 452 1675 487 προσκύνησις
1698 453 1738 484 εις
1761 452 1827 485 τοὺς

195 496 306 528 αιώνας.
330 497 425 533 Ἀμήν.

1631 594 1819 604 -ι--η

441 700 570 767 ΠΕΡΙ
592 699 706 742 ΤΟΥ
727 697 1029 742 ΔΙΟΝΥΣΙΟΥ
1047 699 1160 742 ΤΟΥ
1180 698 1587 743 ΑΡΕΙΟΠΑΓΙΤΟΥ

822 790 871 818 ΕΚ
887 789 955 816 TaN
982 789 1052 817 ΤΟΥ
1070 782 1198 818 ΣοΥῐΔΑ.

607 923 681 968 DE
722 921 1019 969 DIONYSIO
1055 921 1437 968 AREOPAGITA

930 1005 974 1033 EX
993 1004 1096 1033 SUIDA

194 1079 357 1113 Edltionis
379 1079 578 1121 Morellianm
609 1079 684 1111 anni
704 1079 790 1113 1662.
815 1096 852 1101 ——
867 1078 1046 1146 lnterprlete
1063 1077 1157 1147 Pgtro
1175 1076 1356 1114 Lansseiio,
1385 1076 1630 1116 Gravelingano,
1660 1077 1730 1108 Sec.
1750 1077 1829 1108 Iesu

914 1125 986 1148 pres
1013 1126 1029 1148 ν
1047 1125 1081 1146 er
1106 1140 1114 1148 .

913 1126 1114 1156 presuytero.

230 1255 376 1290 Dionysius
392 1255 566 1291 Arcopagita.
578 1255 725 1291 episcopus
740 1254 926 1287 Atheniensis,
941 1254 984 1281 vir

1069 1254 1204 1287 Διονύσιος
1229 1256 1244 1281 ὁ
1273 1254 1496 1290 Ἀρειοπαγιτης,
1521 1254 1670 1284 ἐπίσκοπος
1697 1253 1832 1288 Ἀθηνῶν,

192 1302 446 1338 eloquentissimus,
460 1305 542 1337 atque
555 1301 588 1329 ad
602 1301 723 1337 profana:
738 1301 891 1337 disciplina:
910 1301 987 1330 l'asti-

194 1349 269 1385 gium
285 1353 443 1384 provectus,
466 1348 576 1375 auditor
596 1347 674 1375 Pauli
699 1348 726 1375 in
747 1348 900 1375 christiana
924 1348 988 1376 reli-

193 1395 286 1431 gione,
306 1401 339 1421 ac
360 1394 395 1421 ab
417 1394 478 1429 ipso
500 1394 646 1429 episcopus
663 1393 833 1421 Athenarum
849 1394 986 1422 constitu-

194 1444 250 1470 tus.
263 1440 291 1467 in
303 1440 392 1476 patrio
405 1443 494 1467 autem
507 1441 662 1469 Graecarum
674 1439 882 1475 disciplinarum
897 1438 987 1466 studio

194 1485 323 1513 omnibus
338 1485 528 1520 praecellebat;
544 1492 606 1512 nam
619 1485 775 1520 cujuslibet,
790 1488 819 1512 ut
833 1485 870 1512 ita
885 1483 985 1516 dicam,

193 1539 255 1567 qua:
277 1531 312 1558 ab
334 1531 401 1566 ipsis
424 1530 588 1564 celebratur,
611 1535 693 1558 sectae
713 1531 897 1566 peritissimus
916 1533 984 1557 erat.

195 1578 246 1605 llic
259 1576 374 1605 Paulum
390 1576 504 1604 Athenis
518 1577 728 1604 concionantem
745 1577 858 1608 audivit,
872 1581 898 1604 et
910 1575 988 1605 Chri-

195 1627 267 1652 stum
288 1632 320 1652 ac
338 1624 567 1652 resurrectionem
587 1631 651 1651 cum
673 1623 799 1651 libertate
816 1622 918 1650 (ἱππεὶς
935 1629 987 1650 an-

195 1669 378 1703 nuntiantem,
396 1673 480 1704 atque
501 1668 578 1696 Pauli
601 1669 728 1696 concioni
745 1668 824 1696 [idem
841 1668 986 1701 adhibens,

195 1717 230 1744 ab
243 1724 276 1744 eo
289 1717 436 1751 episcopus
450 1715 626 1743 Atheniensis
650 1715 805 1742 ordinatur.
824 1713 918 1750 Itaque
939 1714 988 1742 Ti-

195 1762 272 1790 berio
284 1763 393 1790 Caesare
413 1762 575 1798 imperante,
591 1761 701 1797 quando
718 1765 798 1789 aetate
813 1760 938 1794 ﬂorebat,
959 1761 988 1788 in

196 1808 344 1844 Egyptum
365 1808 443 1840 abiit,
459 1815 522 1835 eum
539 1807 711 1843 sapientibus
726 1807 801 1836 illius
815 1807 869 1834 loci
883 1807 986 1834 versari

196 1855 329 1889 cupiens;
355 1854 448 1882 socius
471 1857 562 1881 autem
580 1854 605 1881 ei
631 1857 690 1880 erat
716 1853 918 1889 Apollophanes
942 1853 986 1881 ille

197 1900 337 1934 Sophista,
350 1907 430 1935 quem
448 1899 579 1927 Polemon
592 1899 770 1928 Laodicensis
786 1899 918 1936 Smyrnae,
929 1899 987 1926 Ari-

197 1945 277 1973 stidis
302 1948 463 1980 przeceptor,
480 1944 589 1972 assidue
611 1944 725 1972 audivit.
746 1943 833 1972 Porro
857 1944 986 1972 salutaris

197 1990 335 2026 passionis
350 1989 454 2018 Christi
476 1990 583 2017 Domini
598 1994 732 2025 tempore,
747 1991 828 2018 ambo
843 1994 921 2018 erant
937 1990 988 2019 lle-

197 2036 290 2072 Iiopoli
311 2035 339 2063 in
353 2035 488 2072 Egypto;
506 2043 624 2071 cumque
639 2035 764 2064 defectus
785 2035 852 2064 solis
866 2044 921 2064 non
943 2044 987 2064 se-

196 2081 317 2109 cundum
335 2085 463 2109 naturam
482 2081 558 2109 lieret
572 2080 672 2116 (neque
693 2080 767 2108 enim
783 2080 986 2115 coniunctionis

196 2131 305 2163 tempus
319 2127 400 2164 erat),
415 2127 630 2163 Apollophanem
650 2127 802 2162 sophistam
818 2127 875 2156 haec
890 2132 987 2156 sancto

197 2172 327 2209 Dionysio
341 2173 446 2200 dixisse
461 2172 568 2200 fertur:
601 2172 624 2200 0
639 2172 704 2202 bone
730 2172 854 2209 Dionysi,
882 2173 987 2202 divina-

196 2227 256 2246 rum
278 2228 366 2247 rerum
391 2219 598 2247 vicissitudines.
630 2219 779 2255 Dionysius
797 2220 857 2256 ipse
883 2220 943 2248 haec
960 2221 986 2249 ei

196 2265 231 2293 ad
247 2267 407 2294 memoriam
423 2270 534 2294 revocat
557 2265 585 2293 in
603 2265 722 2300 epistola
741 2266 775 2294 ad
788 2274 918 2302 magnum
934 2267 987 2294 Po-

197 2311 336 2347 lycarpum
352 2311 476 2348 Smyrna:
495 2312 664 2347 episcopum.
684 2312 766 2348 355
783 2312 986 2349 Apolloplianes

196 2357 268 2384 enim
293 2356 452 2392 Dionysium
478 2362 590 2393 propter
611 2359 848 2387 christianismum
877 2360 986 2395 injuriis

197 2403 359 2432 lacessebat.
372 2403 406 2430 Et
421 2404 460 2430 ait
473 2413 479 2431 :
497 2404 536 2431 Tu
548 2409 635 2431 autem
647 2406 687 2432 ais
703 2413 744 2432 me
760 2405 792 2431 ab
804 2406 986 2441 Apollophane

195 2447 313 2482 sophista
338 2448 428 2474 invadi
452 2452 477 2475 et
500 2449 666 2483 parricidam
694 2448 839 2484 appellari,
864 2449 935 2484 quod
957 2449 985 2476 in

197 2494 302 2522 Graecos
317 2495 395 2529 impie
409 2493 561 2521 ercorum
576 2500 638 2522 utar
649 2496 802 2524 sententiis?
815 2497 889 2532 atqui
900 2497 984 2524 verius

197 2550 228 2570 ac
238 2541 340 2577 justius
352 2542 376 2568 ei
389 2540 501 2576 objicere
512 2546 673 2576 poteramus,
687 2541 794 2569 ercoe
809 2542 900 2570 divina
915 2544 985 2571 testi-

1037 1300 1106 1337 ἀνὴρ
1121 1300 1345 1336 ἐλλογιμώτατος,
1368 1301 1414 1327 καὶ
1428 1301 1477 1336 τῆς
1493 1299 1635 1336 ὲλληνικῆς
1652 1298 1776 1330 παιδείας
1791 1300 1832 1331 εἰς

1037 1346 1120 1382 ἄκρον
1148 1346 1304 1382 ἐληλακὼς,
1328 1346 1462 1382 ἀκουστὴς
1483 1347 1590 1373 Παύλου
1619 1346 1688 1383 πρὸς
1710 1346 1759 1381 τὴν
1779 1345 1830 1372 τοῦ

1038 1393 1244 1428 χριστιανισμοῦ
1266 1392 1426 1429 θρησκείαν,
1449 1393 1496 1420 καὶ
1517 1393 1563 1420 ὑπ’
1585 1392 1668 1419 αὐτοῦ
1692 1400 1833 1419 καταστα-

1037 1438 1093 1468 Θεὶς
1112 1440 1152 1470 εἰς
1169 1438 1255 1470 αὑτὰς
1267 1438 1317 1470 τὰς
1337 1439 1452 1475 Ἀθήνας
1464 1438 1628 1470 ἐπίσκοποςσ
1649 1438 1717 1474 πρὸς
1735 1438 1764 1464 δὲ
1780 1438 1833 1474 τὴν

1037 1485 1150 1521 πάτριον
1177 1485 1231 1511 τῶν
1257 1485 1404 1521 ἑλληνικῶν
1429 1484 1596 1521 μαθημάτων
1619 1484 1736 1521 ἄσκησιν
1759 1484 1833 1511 πάνθ

1036 1540 1090 1558 των
1108 1531 1303 1567 προὺκέκριτο·
1321 1531 1438 1567 ἑκάστης
1454 1532 1518 1568 γὰρ,
1537 1532 1574 1563 ὡς
1586 1532 1682 1564 εἰπεῖν,
1695 1531 1834 1566 αἱρέσεως

1036 1578 1085 1613 τῆς
1104 1579 1149 1606 ὑπ’
1164 1578 1253 1605 αὐτῶν
1268 1578 1489 1615 πρεσὸευομένης
1504 1579 1532 1604 ὲν
1548 1577 1632 1614 πολλῇ
1653 1578 1834 1613 καθειστήκει

1036 1626 1069 1660 τῇ
1091 1625 1183 1661 πείρᾳ.
1203 1622 1286 1657 Οὗτος
1308 1625 1408 1661 ῆκουσε
1433 1625 1538 1651 Παύλου
1557 1623 1775 1660 δημηγοροῦντος
1800 1625 1834 1652 ὲν

1043 1671 1178 1706 Ἀθήναις,
1192 1670 1239 1697 καὶ
1257 1671 1303 1698 τὸν
1317 1671 1434 1707 Χριστὸν
1451 1671 1498 1698 καὶ
1518 1670 1568 1706 τὴν
1587 1670 1735 1697 ἀνάστασιν
1758 1669 1835 1705 μετὰ

1037 1717 1191 1753 παρρησίας
1213 1718 1269 1749 τοῖς
1285 1717 1412 1753 Ἕλλησιν
1434 1716 1694 1752 εὐαγγελιζομένου·
1717 1716 1764 1742 καὶ
1785 1724 1835 1742 πι-

1037 1763 1152 1795 στεύσας
1166 1762 1206 1798 τῷ
1219 1762 1327 1789 Παύλου
1350 1763 1519 1799 κηρύγματι,
1541 1763 1586 1788 ὑπ’
1603 1761 1685 1788 αὑτοῦ
1707 1761 1755 1788 καὶ
1780 1761 1835 1797 τῆς

1037 1808 1139 1840 πόλεως
1154 1810 1313 1836 ἐπισκοπεῖν
1335 1809 1472 1837 τάττεται.
1498 1808 1576 1836 Κατὰ
1595 1807 1660 1842 γοῦν
1673 1807 1722 1842 τὴν
1740 1807 1835 1843 ἀρχὴν

1036 1855 1161 1891 Τιϐερίου
1176 1856 1325 1891 Καίσαρος,
1340 1856 1384 1882 ὅτε
1398 1856 1429 1891 δὴ
1445 1855 1492 1882 καὶ
1506 1855 1554 1890 ὴν
1570 1854 1675 1890 ἠλικίαν
1691 1853 1834 1889 ἤκμαζεν,

1038 1902 1143 1938 ἀπῆρεν
1163 1903 1202 1934 εἰς
1222 1902 1370 1936 Αἴγυπτον,
1391 1903 1448 1934 τοῖς
1469 1903 1557 1929 ἐκεῖσε
1582 1902 1674 1936 σοφοῖς
1698 1899 1835 1936 ὁμιλῆσαι

1038 1949 1209 1984 γλιχόμενοςο
1230 1949 1312 1984 συνῆν
1332 1949 1360 1976 δὲ
1381 1948 1456 1983 αὑτῷ
1473 1947 1675 1983 Ἀπολλοφάνης
1696 1947 1802 1979 ἐκεῖνος
1819 1948 1836 1974 ὀ

1038 1996 1177 2031 σοφιστὴς,
1192 1996 1222 2023 οὗ
1244 1995 1373 2031 Πολέμων
1393 1996 1407 2021 ὁ
1422 1995 1569 2027 Λαοδικεὺς
1584 1995 1612 2020 ἐν
1633 1993 1745 2029 Σμύρνῃ
1769 1993 1836 2029 διή-

1038 2050 1146 2073 κουσεν,
1169 2042 1184 2070 ὁ
1206 2041 1364 2073 διδάσκαλος
1392 2041 1567 2077 Ἀριστείδου.
1594 2039 1673 2068 Κατὰ
1695 2038 1762 2073 γοῦν
1784 2039 1837 2066 τὸν

1037 2088 1132 2123 καιρὸν
1152 2087 1198 2114 τοῦ
1213 2087 1346 2124 σωτηρίου
1361 2087 1464 2120 πάθους
1490 2086 1537 2114 τοῦ
1554 2085 1689 2113 Δεσπὸτου
1710 2085 1836 2121 Χριστοῦ

1036 2135 1120 2170 ἄμφω
1139 2135 1207 2170 ῆτην
1228 2135 1257 2160 ὲν
1279 2133 1448 2160 Ἡλιουπόλει
1468 2135 1503 2169 τῇ
1526 2134 1555 2160 ὲν
1568 2132 1708 2167 Αἰγύπτῳ.
1724 2131 1782 2173 Kc.)
1797 2131 1837 2168 δὴ

1035 2182 1086 2217 τῆς
1099 2182 1214 2218 ἡλιακῆς
1233 2180 1381 2216 ἐκλείψεως
1393 2181 1423 2207 οὺ
1436 2180 1507 2208 κατὰ
1530 2180 1610 2214 φύσιν
1629 2178 1835 2214 γεγενημένης,

1037 2228 1077 2264 (οὗ
1092 2227 1146 2264 γὰρ
1160 2225 1194 2263 ἦν
1208 2227 1317 2254 συνόδου
1339 2226 1433 2263 καιρός
1441 2226 1460 2262 ·)
1471 2227 1558 2252 εἰπεῖν
1574 2225 1681 2260 λέγεται
1695 2224 1766 2260 πρὸς
1784 2223 1836 2251 τὸν

1038 2275 1170 2311 μακάριον
1201 2273 1336 2300 Διονύσιον
1362 2273 1408 2300 τὸν
1442 2272 1571 2308 σοφιστὴν
1604 2270 1810 2306 Ἀπολλοφάνην
1825 2279 1834 2286 ·

1039 2321 1148 2352 Ίὶιῦτα,
1163 2319 1186 2346 ὡ
1200 2319 1275 2346 καλὲ
1289 2319 1438 2350 Διονύσιε,
1458 2317 1577 2352 ἀμοιϐαὶ
1597 2317 1684 2344 θείων
1697 2315 1836 2351 πραγμά-

1036 2376 1103 2394 των.
1122 2366 1293 2403 Μνημονεύει
1314 2366 1343 2393 δὲ
1368 2365 1471 2391 τούτων
1501 2365 1515 2391 6
1538 2364 1618 2395 αὐτος
1642 2363 1780 2394 Διονύσιος
1800 2364 1837 2390 ἐν

1035 2414 1068 2448 τῇ
1083 2412 1152 2449 πρὸς
1169 2411 1346 2447 Πολύκαρπον
1364 2410 1410 2437 τὸν
1424 2410 1511 2446 μέγαν
1526 2409 1667 2445 ἐπιστολῇ,
1679 2409 1724 2435 τὸν
1740 2408 1838 2445 Σμύρ-

1035 2467 1084 2494 νης
1101 2457 1249 2485 ἐπίσκοπον
1260 2465 1266 2472 ·
1282 2455 1315 2493 ἦν
1330 2456 1384 2492 γὰρ
1394 2457 1408 2482 ὁ
1430 2456 1630 2491 Ἀπολλοφάνης
1642 2455 1681 2490 τῷ
1695 2455 1838 2491 Διονυσίῳ

1034 2504 1081 2531 τοῦ
1100 2503 1303 2540 χριστιανισμοῦ
1319 2503 1400 2529 ἕνεκα
1409 2501 1665 2539 διαλοιδορούμενος.
1677 2501 1732 2528 Καί
1746 2510 1836 2536 φησι·

1036 2551 1077 2578 Σὺ
1091 2549 1125 2577 δὲ
1140 2550 1199 2584 φῂς
1212 2548 1410 2583 λοιδορεῖσθαί
1420 2557 1471 2582 μοι
1484 2547 1537 2575 τὸν
1550 2546 1702 2582 σοφιστὴν
1724 2547 1837 2573 Ἀπολ-

197 2588 287 2616 monia
300 2596 352 2615 non
370 2587 490 2623 religiose
505 2592 599 2614 contra
615 2587 705 2615 divina
721 2596 860 2623 usurpare,
875 2590 920 2624 qui
934 2590 984 2617 Dei

1036 2595 1183 2631 λοφιὶνην,
1209 2594 1258 2622 καὶ
1289 2595 1474 2629 πατραλοίαν
1506 2592 1681 2624 ἀποκαλεῖν,
1705 2592 1746 2625 ὡς
1769 2592 1840 2626 τοῖς

196 2635 314 2663 divinum
332 2634 433 2662 cultum
454 2639 531 2669 alque
550 2634 701 2670 religionem
727 2634 819 2662 tollere
842 2640 988 2670 conentur;

196 2687 224 2710 ct
237 2682 320 2717 paulo
336 2686 418 2717 post:
436 2680 487 2708 Sed
504 2680 713 2716 Apollophanem
727 2681 808 2708 etiam
827 2681 914 2716 ipsum
927 2681 987 2710 dico

197 2729 295 2757 Δὶυὶηὶι
319 2728 396 2756 rebus
419 2727 520 2763 nefarie
545 2728 573 2754 in
599 2727 690 2754 divina
715 2727 778 2753 uti:
802 2735 891 2754 rerum
914 2728 985 2755 enim

196 2775 324 2806 scientia,
348 2781 407 2809 qua:
421 2773 454 2800 ab
470 2781 500 2800 eo
516 2777 584 2800 recte
608 2771 775 2807 philosophia
797 2772 906 2806 dicitur,
923 2780 947 2800 et
969 2781 986 2800 a

196 2821 284 2848 divino
300 2821 388 2848 Paulo
401 2820 451 2848 Dei
467 2819 598 2854 sapientia
616 2819 753 2854 appellata
773 2823 823 2850 est,
841 2818 877 2846 ad
891 2827 983 2846 aucto-
1004 2842 1007 2843 ,

196 2873 252 2893 rem
264 2870 290 2893 et
304 2874 391 2894 rerum
411 2866 531 2900 ipsarum
545 2869 570 2892 et
583 2865 700 2892 scientia:
714 2865 845 2899 ipsarum,
859 2867 912 2892 veri
925 2865 985 2899 phi-

197 2911 298 2946 losophi
320 2911 446 2945 exci:arc,
469 2909 625 2945 perducique
649 2909 803 2938 debuerunt.
829 2908 984 2945 Paucisquc

1043 2641 1199 2676 Ἑλλήνων
1220 2641 1270 2669 ἐπὶ
1295 2641 1366 2674 τοὺς
1386 2641 1540 2674 ”Ελληνας
1557 2640 1614 2673 οὐχ
1640 2639 1731 2670 ὁσίως
1753 2646 1839 2671 χρω-

1032 2688 1123 2723 μένῳ,
1138 2688 1233 2714 καίτοι
1247 2687 1321 2721 πρὸς
1344 2686 1437 2714 αὑτὸν
1465 2685 1543 2720 ἡμᾶς
1565 2685 1605 2719 ἦν
1623 2683 1840 2718 ἀληθέστερον

1035 2734 1139 2767 εἱπεῖν,
1166 2735 1206 2767 ὼς
1225 2734 1374 2768 ’Έλληνες
1394 2732 1455 2765 τοῖς
1477 2732 1567 2764 θείοις
1588 2731 1644 2765 οὐχ
1664 2730 1756 2763 ὁσίως
1781 2730 1840 2757 ἐπὶ

1035 2781 1072 2808 τὰ
1094 2780 1157 2808 θεῖα
1178 2779 1322 2815 χρῶνται,
1343 2779 1391 2806 διὰ
1417 2778 1472 2812 τῆς
1494 2777 1604 2812 σοφίας
1625 2777 1678 2804 τοῦ
1699 2776 1776 2804 Θεοῦ
1799 2777 1840 2805 τὸ

1036 2827 1116 2855 θεῖον
1132 2827 1291 2853 ἐκϐάλλειν
1310 2824 1481 2860 πειρώμενοι
1496 2823 1602 2856 σέϐας·
1624 2823 1671 2849 καὶ
1693 2822 1764 2857 μετὰ
1787 2832 1841 2858 μι-

1036 2874 1114 2909 κρόν·
1138 2873 1227 2899 Ἀλλὰ
1247 2871 1295 2899 καὶ
1311 2871 1400 2903 αὐτὸς
1421 2868 1645 2903 Ἀπολλοφάνης
1659 2869 1716 2902 οὐχ
1739 2869 1840 2901 ὁσίως

1038 2919 1096 2953 τοῖς
1109 2918 1197 2952 θείοις
1212 2919 1261 2946 ἐπὶ
1277 2918 1311 2946 τὰ
1327 2916 1388 2946 θεῖα
1405 2915 1524 2952 ἰρῇταν
1540 2923 1576 2949 ru
1591 2915 1646 2949 τὰρ
1660 2913 1719 2942 τῶν
1733 2914 1839 2942 ὄντων
