1950 3065
143 185 195 213 609

813 174 904 215 ἫΤΑ,
923 183 966 210 ex
986 182 1098 211 sum.

1725 186 1777 217 610

138 243 247 278 γνώσει
269 238 369 276 καλῶς
382 242 530 278 λεγομένῃ
545 243 620 278 πρὸς
639 243 734 271 αὐτοῦ
751 243 926 278 φιλοσοφίᾳ,

984 243 1137 278 interjectis
1161 252 1166 270 :
1190 242 1340 279 Intelligere
1365 244 1476 272 debebat
1498 246 1709 282 Apollopltancs,
1732 248 1778 283 qui

138 288 186 316 real
201 289 276 323 πρὸς
295 288 347 316 τοῦ
361 289 444 316 θείου
466 291 590 318 Παύλου
611 290 705 325 σοφίᾳ
726 290 800 317 Θεοῦ
823 291 931 324 κεκλη-

135 334 223 371 μένῃ,
240 335 316 369 πρὸς
329 334 383 362 τὸν
395 336 491 362 αἴτιον
505 336 555 363 καὶ
584 336 684 363 αὐτῶν
700 335 759 362 τῶν
774 335 869 362 ὄντων
883 335 932 362 καὶ

137 380 193 415 τῆς
205 379 342 415 ¹γνώσεως
355 381 453 409 αὐτῶν
472 382 567 417 ἐχρῆν
581 382 744 417 ἀνάγεσθαι
764 381 837 415 τοὺς
854 382 930 416 ἀλη-

126 426 198 459 θεῖς
221 427 417 462 φιλοσόφους.
438 429 494 455 Καὶ
512 427 581 464 μετὰ
608 428 726 465 βραχέα·
746 427 823 454 Ἔδει
847 436 932 455 συνι-

137 472 201 500 δεῖν
229 473 451 507 Απολλοφάνην
475 474 575 509 σοφὸν
597 474 686 508 ὄντα,
707 474 750 509 μὴ
771 474 810 501 ἂν
831 474 931 507 ἅλλως

137 519 210 547 ποτε
228 518 394 554 δυνηθῆναι
410 519 465 554 τῆς
487 521 629 555 οὐρανίας
653 529 680 547 τι
702 520 931 555 παρατραπῆναι

137 563 248 599 τάξεως
262 565 311 592 καὶ
332 565 489 599 κινήσεως,
504 567 531 593 εὶ
549 565 592 601 μὴ
608 566 661 593 τὸν
678 567 731 594 τοῦ
746 565 822 594 εἷναι
834 566 932 600 αὐτὴν

137 610 188 637 καὶ
201 610 346 645 συνοχέα,
361 612 409 639 καὶ
423 612 520 639 αἴτιον
532 613 614 647 ἔχειν
623 614 667 646 είς
677 614 764 641 τοῦτο
778 613 929 646 κινοῦντα,

136 657 190 684 τὸν
211 658 355 685 ποιοῦντα
375 658 473 686 πάντα
496 659 545 686 καὶ
564 659 838 695 μετασκευάζοντα,
856 660 931 687 κατὰ

135 702 190 730 τὸν
203 703 283 738 ἱερὸν
296 704 398 739 λόγον.
413 706 468 732 Καὶ
487 704 565 739 αὖθις
589 706 658 742 μετὰ
677 706 788 742 μικρόν·
805 706 879 734 Εἰπὲ
897 706 931 733 δὲ

136 749 217 782 αὐτῷ
227 758 234 766 ο
253 750 282 777 Τί
296 750 396 785 λέγεις
412 751 479 785 περὶ
496 751 552 786 τῆς
564 752 599 778 ἐν
612 752 651 785 τῷ
664 752 798 786 σωτηρίῳ
812 753 931 786 σταυρῷ

136 797 292 831 γεγονυίας
307 796 481 834 ἐκλείψεως-ς
503 797 667 833 Ἂμφοτέρω
690 798 745 833 γὰρ
766 799 842 830 τότε,
857 798 931 825 κατὰ

142 843 333 869 Ἡλιούπολιν
351 843 411 878 ἅμα
426 844 555 878 παρόντε
570 845 618 871 καὶ
636 844 819 877 συνεστῶτε,
836 854 929 880 παρα-

135 888 231 921 δόξως
244 888 284 921 τῷ
300 889 376 923 ἡλίῳ
390 889 448 924 τὴν
460 889 600 924 σελήνην
612 890 824 925 ἐμπίπτουσαν
836 891 929 926 ἑωρῶ-

133 943 204 969 per
221 937 257 962 οὺ
273 935 328 970 γὰρ
342 936 381 970 ἦν
395 936 528 965 συνόδου
550 938 665 971 καιρόςι
682 937 771 970 αὖθίς
789 947 820 965 τε
833 938 930 973 αὐτὴν

134 980 194 1008 ἀπὸ
214 979 270 1014 τῆς
290 981 418 1016 irrqu
451 982 529 1016 ὥρας
553 982 622 1017 ἄχρι
650 982 705 1018 τῆς
731 984 860 1018 ἑσπέρας
880 985 925 1018 εἷς

135 1026 193 1060 τὴν
218 1027 272 1054 τοῦ
295 1028 385 1061 ἡλίου
407 1028 564 1063 διάμετρον
588 1029 747 1064 ὑπερφυῶς
768 1030 924 1057 ἀντικατα-

136 1073 263 1100 στᾰσαν.
278 1073 465 1108 Ἀνάμνησον
478 1074 512 1101 δέ
524 1083 552 1101 τι
565 1075 614 1102 καὶ
629 1075 731 1110 ἕτερον
744 1077 850 1103 αὐτόν·
863 1074 925 1104 οἶδε

136 1119 190 1154 τὰρ
209 1119 253 1146 ὅτι
274 1120 322 1147 καὶ
349 1119 407 1154 τὴν
426 1121 575 1154 ἔμπτωσιν
598 1121 695 1156 αὐτὴν
713 1122 748 1155 ἐξ
770 1122 926 1150 ἀνατολῶν

135 1164 305 1200 ἑωράκαμεν
325 1166 507 1201 ἀρξαμένην,
539 1167 588 1194 καὶ
606 1167 696 1202 μέχρι
720 1168 773 1195 τοῦ
797 1169 926 1203 ἡλιακοῦ

136 1211 262 1245 πέρατος
276 1211 437 1245 ἐλθοῦσαν,
448 1211 513 1240 εἶτα
527 1213 767 1241 ἀναποδίσασαν
780 1215 829 1241 και
842 1215 926 1248 αὖθις

135 1258 191 1285 οὐκ
201 1258 235 1285 ἐκ
245 1258 297 1285 τοῦ
310 1259 403 1286 αὐτοῦ
417 1260 466 1286 καὶ
477 1259 533 1294 τὴν
549 1260 700 1295 ἔμπτωσιν
716 1261 765 1288 καὶ
780 1261 838 1296 τὴν
859 1262 928 1289 ἀνα-

135 1303 291 1338 κάθαρσιν,
306 1305 375 1332 ἀλλ’
394 1305 429 1332 ἐκ
447 1305 501 1332 τοῦ
520 1305 596 1333 κατὰ
613 1305 772 1341 διάμετρον
788 1307 928 1335 ἐναντίου

135 1349 345 1385 γεγενημένην.
364 1351 498 1378 Τοσαῦτα
511 1352 563 1379 τοῦ
585 1353 652 1380 τότε
666 1353 770 1387 καιροῦ
787 1353 824 1380 τὰ
837 1355 928 1388 ὑπερ-

135 1395 197 1431 φυῆ
217 1396 266 1423 καὶ
286 1397 368 1431 μόνῳ
383 1397 500 1431 Χριστῷ
519 1398 560 1431 τῷ
583 1399 727 1435 παναιτίῳ
743 1399 868 1432 δυνατὰ,
888 1399 929 1432 τῷ

135 1443 269 1471 ποιοῦντι
282 1442 399 1478 μεγάλα
414 1443 464 1470 καὶ
478 1443 608 1477 ἐξαίσια,
625 1441 669 1472 ὧν
682 1446 738 1472 οὐκ
751 1445 836 1472 ἐστιν
868 1445 931 1479 ἀρι-

132 1487 328 1522 θμὸς-Ταῦτα,
343 1489 372 1516 ετ
394 1497 444 1516 σοι
455 1490 582 1525 θεμιτὸν,
598 1490 673 1524 εἰπὲ,
686 1490 736 1518 καὶ
748 1491 774 1517 εὶ
787 1490 928 1524 δυνατὸν,

141 1534 376 1569 Ἀπολλόρανες,
393 1535 544 1570 ἐξέλεγχε,
562 1536 610 1563 καὶ
634 1536 710 1571 πρὸς
729 1535 781 1571 ἐμὲ
794 1535 848 1563 τὸν
862 1536 930 1563 τότε

133 1581 330 1615 συμπαρόντα
349 1589 398 1608 σοι
420 1582 469 1608 καὶ
490 1583 709 1616 συνεωρακότα,
726 1583 774 1609 καὶ
796 1590 930 1610 συνανα-

982 289 1087 324 sapiens
1103 293 1181 322 esset,
1200 289 1266 316 nihil
1283 298 1398 325 unquam
1412 291 1440 317 in
1463 290 1555 318 ordine
1577 297 1700 328 motuque
1723 301 1776 320 οω-

983 335 1088 362 lestiunt
1113 335 1192 362 aliter
1211 341 1288 370 atque
1310 340 1350 363 est
1372 337 1473 364 mutari
1490 338 1618 372 potuisse,
1643 339 1696 366 nisi
1715 347 1776 366 eum

981 382 1027 417 qui
1042 382 1128 415 ipsum
1138 387 1163 408 et
1177 388 1314 409 conservat
1327 386 1352 409 et
1365 384 1522 417 procreavit,
1538 384 1685 418 habuisset,
1699 387 1776 419 cuirs

982 432 1055 455 motu
1072 436 1102 456 ac
1119 433 1185 455 natu
1208 436 1237 455 eo
1255 428 1381 456 deductus
1400 434 1477 462 esset,
1501 431 1560 465 qui,
1580 435 1609 458 ut
1625 436 1664 458 est
1682 431 1709 458 in
1733 431 1776 458 di-

981 474 1048 501 vinis
1065 473 1142 501 libris
1165 474 1294 509 scriptum
1310 475 1384 509 facit,
1400 480 1425 502 et
1440 481 1528 503 mutat
1543 477 1643 504 omnia.
1661 477 1777 504 lterum-

982 527 1036 555 que
1054 524 1115 555 post.
1132 528 1240 555 pauca:
1256 519 1294 547 Ab
1313 529 1343 548 eo
1365 527 1453 548 autem
1468 530 1566 557 quwre,
1589 522 1653 558 quid
1678 525 1776 551 sentiat

981 566 1013 594 de
1025 566 1170 601 defectione
1182 567 1257 598 solis,
1269 576 1328 603 quce
1338 577 1397 595 cum
1407 568 1533 596 Servutor
1543 570 1570 596 in
1582 578 1684 597 crucem
1700 576 1775 599 actus

980 617 1030 646 est,
1043 613 1156 640 exstitit.
1168 612 1283 640 Eramus
1297 613 1366 640 enim
1381 622 1434 640 una
1448 614 1536 648 ambo,
1547 619 1573 642 et
1588 615 1725 644 stabamus
1739 617 1774 644 ad

982 659 1154 694 Heliopolim,
1172 660 1263 687 lunam
1279 660 1416 695 inopinato
1430 669 1457 688 se
1472 662 1523 688 soli
1540 661 1704 696 obiicientem
1719 672 1775 691 ser-

981 705 1128 737 nebamus;
1151 712 1232 741 neque
1257 706 1326 733 enim
1350 707 1543 742 conjunctionis
1568 712 1670 743 tempus
1692 713 1774 737 erat:

981 758 1124 785 rursusque
1140 759 1199 777 cum
1214 753 1305 778 eadem
1321 751 1353 779 ab
1372 751 1438 779 hora
1456 761 1525 780 nona
1545 752 1580 779 ad
1597 761 1732 788 vesperum
1746 762 1775 781 sc

981 796 1075 824 media:
1098 796 1165 824 solis
1183 797 1258 824 linea:
1275 802 1372 831 praeter
1392 803 1498 825 natura:
1521 799 1640 826 ordinem
1661 808 1775 835 oppane«

981 843 1038 871 bat.
1060 842 1154 878 Redige
1169 849 1256 870 autem
1279 845 1360 871 etiam
1376 844 1478 880 aliquid
1496 845 1571 872 aliud
1587 846 1611 873 ei
1630 846 1658 873 in
1674 855 1774 874 memo-

981 889 1061 916 riam.
1075 889 1131 917 Scit
1144 890 1214 916 enim
1229 891 1310 917 etiam
1327 890 1455 925 objectum
1472 891 1556 926 ipsum
1571 900 1587 918 a
1599 892 1674 920 nobis
1689 893 1773 920 uisum

946 933 967 960 Β
979 944 1035 963 esse
1050 936 1117 963 oriri
1130 936 1162 963 ab
1180 941 1240 965 ortu
1254 936 1330 968 solis,
1344 941 1369 964 et
1390 937 1425 964 ad
1440 937 1504 964 solis
1517 942 1662 965 extremum
1682 947 1773 974 perve-

975 981 1047 1012 nire;
1062 987 1152 1016 postea
1166 981 1301 1016 repedare,
1318 990 1462 1018 rursusque
1474 991 1526 1009 non
1541 983 1574 1010 ab
1588 987 1679 1011 eadem
1693 990 1772 1019 parte

974 1026 1040 1054 solis
1054 1031 1079 1054 et
1094 1027 1225 1062 objectum
1243 1033 1268 1054 et
1285 1036 1415 1055 recessum
1436 1030 1556 1056 euenire:
1572 1029 1617 1056 sed
1639 1039 1773 1060 recessum

976 1073 1009 1100 ab
1020 1082 1052 1101 ea
1067 1082 1126 1110 qua:
1141 1074 1260 1101 naturali
1275 1083 1307 1101 ex
1319 1075 1450 1103 diametro
1463 1081 1521 1103 erat
1541 1078 1688 1105 contraria.
1702 1077 1768 1106 Ha-e

976 1125 1038 1148 sunt
1053 1120 1189 1148 mirabilia
1203 1121 1276 1147 illius
1292 1122 1427 1156 temporis,
1446 1130 1505 1157 qua:
1527 1121 1651 1150 Christus
1675 1128 1772 1151 auctor

977 1175 1065 1194 rerum
1080 1167 1199 1194 omnium
1214 1167 1311 1202 e/ﬁcere
1326 1166 1398 1194 solus
1416 1173 1511 1202 potest,
1525 1169 1572 1204 qui
1591 1169 1657 1204 facit
1675 1178 1774 1205 magna

976 1218 1001 1241 et
1025 1213 1201 1246 admiranda,
1229 1221 1342 1248 quarunt
1378 1222 1430 1242 non
1454 1219 1494 1242 est
1523 1223 1661 1244 numerus.
1688 1215 1771 1250 Hcec,

977 1259 1139 1294 Polycarpe,
1162 1259 1187 1286 si
1211 1259 1253 1294 fas
1281 1259 1328 1286 tibi
1353 1264 1392 1287 est
1416 1261 1440 1288 ei
1461 1260 1559 1294 dicito,
1582 1266 1607 1289 et
1631 1262 1656 1289 si
1675 1267 1767 1297 potes,

976 1303 1182 1338 Apollophanes,
1198 1311 1229 1330 ea
1246 1303 1347 1338 refelle,
1370 1305 1450 1331 etiam
1474 1310 1566 1332 contra
1585 1315 1635 1338 me,
1652 1307 1698 1342 qui
1715 1312 1773 1336 tum

977 1350 1077 1378 scilicet
1099 1353 1183 1376 tecum
1197 1353 1222 1376 et
1245 1349 1322 1384 adfui
1348 1353 1372 1376 et
1390 1351 1493 1385 aspexi,
1520 1355 1545 1378 et
1564 1352 1695 1387 exquisivi
1714 1361 1772 1380 ont-

979 1395 1040 1427 nia,
1061 1403 1120 1422 cum
1145 1402 1248 1422 summa
1271 1395 1459 1424 admiratione.
1482 1396 1559 1425 Certe
1585 1402 1640 1425 tum
1665 1401 1770 1435 quidem

978 1441 1059 1468 etiam
1084 1440 1203 1468 divinare
1225 1440 1297 1468 haud
1326 1441 1391 1472 scio,
1415 1441 1483 1469 unde
1506 1443 1700 1479 Apollophanes
1719 1455 1773 1473 cov-

979 1488 1032 1523 pit,
1048 1492 1072 1515 et
1094 1488 1158 1515 mihi
1178 1492 1303 1523 tanquam
1317 1496 1375 1523 qua
1392 1488 1485 1523 ﬁerent
1507 1490 1660 1524 conjiciens,
1684 1492 1773 1519 dixit:

981 1533 1049 1562 Sunt
1065 1534 1129 1567 ista,
1147 1542 1162 1561 ο
1181 1533 1246 1562 bone
1259 1533 1380 1569 Dionysi,
1398 1534 1550 1562 divinarum
1565 1545 1653 1564 rerum
1668 1538 1772 1566 vicissi-

982 1580 1093 1608 tudines.

134 1626 274 1660 κρίνοντα
305 1626 402 1654 πάντα
425 1627 474 1654 καὶ
509 1627 728 1662 συναγάμενον.
767 1627 876 1663 Ἀμέλει
901 1627 950 1654 καὶ
977 1626 1119 1661 μαντείας
1142 1625 1225 1657 τότε,
1247 1625 1303 1651 οὐκ
1328 1624 1382 1652 οἷδ’
1406 1625 1486 1657 ὅθεν,
1503 1627 1520 1653 ὁ
1548 1625 1768 1663 Ἀπολλοφάνης

132 1672 311 1707 ἁπάρχεται·
340 1673 389 1700 καὶ
420 1673 495 1708 πρὸς
519 1674 572 1709 ἐμὲ
596 1674 697 1708 ὥσπερ
720 1675 756 1702 τὰ
782 1675 921 1711 γινόμενα
936 1673 1129 1708 συμϐάλλων,
1145 1672 1221 1707 ἔφη·
1238 1671 1342 1704 Ταῦτα,
1371 1670 1394 1699 ὦ
1417 1672 1492 1699 καλὲ
1511 1674 1658 1708 Διονύσιε,
1684 1675 1772 1708 θείων

132 1719 251 1754 ἀμοιϐαὶ
265 1718 451 1754 πραγμάτων.

168 1765 293 1793 Τοσαῦτα
313 1768 351 1799 ὡς
366 1767 425 1794 κατ’
445 1765 588 1801 ἐπιστολὴν
605 1765 717 1802 εἴρηκεν
731 1766 746 1792 ὁ
766 1766 852 1800 μέγας
868 1766 926 1791 Διο-

1013 1763 1076 1791 llaec
1091 1771 1107 1791 ιι
1130 1770 1226 1792 sancto
1249 1763 1380 1800 Dionysio
1401 1769 1536 1800 quantum
1552 1765 1676 1801 epistolae
1699 1767 1771 1795 ratio

131 1811 224 1843 νύσιος
245 1811 314 1847 πρὸς
333 1811 379 1838 τὸν
404 1811 533 1847 θεοφόρον
556 1810 746 1846 Πολύκαρτυον.
762 1810 818 1845 Τῆς
841 1809 871 1836 δέ
893 1818 925 1844 γε

132 1857 229 1893 σοφίας
256 1856 338 1884 αὑτοῦ
353 1857 400 1884 καὶ
419 1857 470 1892 τῆς
493 1856 658 1892 εὐγλωττίας
682 1855 792 1889 ἔνδειξις
810 1855 925 1891 ἀκριϐὴς

131 1905 150 1941 ἡ
169 1905 224 1932 τῶν
245 1896 310 1940 παρ’
326 1902 408 1931 αὐτοῦ
423 1902 581 1940 γραφεισῶν
603 1901 701 1938 βίὸλων
724 1901 926 1937 άνυπέρόλητος

132 1953 233 1989 φράσις
242 1960 249 1967 ·
260 1953 293 1987 τῇ
309 1950 364 1987 γὰρ
379 1949 456 1986 παρὰ
465 1949 520 1977 τῶν
532 1948 631 1981 ἔξωθεν
642 1948 795 1984 καλουμένῃ
807 1947 924 1984 παιδείᾳ,

132 1999 166 2033 τῇ
181 2006 211 2024 τε
227 1997 288 2034 θείᾳ
303 1997 350 2025 καὶ
371 1996 506 2033 ἡμετέρᾳ,
523 1995 623 2031 πολλὴν
637 1992 695 2030 εἶχε
707 1994 757 2031 τὴν
770 1995 925 2030 ἐπιστήμην

132 2044 162 2070 ὲν
178 2043 313 2079 ἑκατέρα·
337 2043 362 2069 εί
378 2042 433 2079 γάρ
445 2050 489 2073 τις
512 2040 601 2068 ἀπίδοι
623 2040 691 2076 πρὸς
710 2039 745 2067 τά
765 2040 851 2075 κάλλη
870 2040 925 2067 τῶν

132 2089 216 2117 αὑτοῦ
229 2089 313 2123 λόγων
328 2089 375 2116 καὶ
389 2089 423 2116 τὰ
439 2088 508 2124 βάθη
520 2087 575 2114 τῶν
586 2087 741 2122 νοημάτων,
754 2087 805 2114 οὐκ
819 2086 924 2124 ἀνθρω-

132 2135 214 2172 πίνης
235 2135 342 2171 φύσεως
356 2134 444 2162 ταῦτα
457 2133 562 2170 νομίσει
588 2134 756 2169 γεννήματα,
771 2132 840 2160 ἀλλὰ
852 2132 925 2164 τινὸς

131 2182 271 2219 ἀκηράτου
293 2181 340 2209 καὶ
355 2181 430 2213 θείας
445 2180 595 2215 δυνάμεως.
609 2179 663 2206 Καὶ
682 2178 772 2206 τοίνυν
789 2177 864 2213 αὑτῷ
879 2178 925 2213 γέ-

132 2237 254 2266 γραπται
276 2228 356 2255 τάδε*
375 2227 449 2264 Πρὸς
470 2225 602 2262 Τιμόθεον
626 2225 774 2252 ἐπίσκοπον
800 2223 922 2259 Ἐφέσου,

133 2275 181 2302 ναὶ
195 2274 273 2301 αὑτὸν
289 2273 413 2310 μαθητὴν
434 2271 541 2299 Παύλου
555 2271 736 2307 τυγχάνοντα,
749 2271 820 2306 Περὶ
839 2271 925 2298 θείων

134 2320 287 2355 ὀνομάτων
316 2319 407 2355 βιϐλία
423 2319 466 2354 ιβ’.
489 2318 560 2353 Περὶ
578 2317 733 2353 ἢνωμένης
753 2317 803 2345 καὶ
826 2316 924 2344 διακε-

133 2367 273 2401 κριμένης
291 2366 458 2402 θεολογίας·
478 2366 542 2403 περὶ
564 2364 623 2397 τοῦ,
647 2365 696 2398 Τίς
713 2365 733 2398 ἡ
755 2363 811 2399 τῆς
830 2363 925 2398 εὐχῆς

133 2414 272 2448 δύναμις·
287 2413 334 2440 καὶ
347 2413 411 2449 περὶ
426 2411 474 2439 τοῦ
492 2412 627 2448 μακαρίου
645 2411 787 2448 Ἰεροθέου,
799 2410 845 2438 καὶ
860 2410 924 2446 περὶ

133 2459 285 2491 εὐλαϐείας,
298 2459 344 2486 καὶ
359 2458 519 2494 συγγραφῆς
535 2457 708 2493 θεολογικῆς·
726 2457 789 2493 περὶ
808 2456 922 2491 ἀγαθοῦ,

133 2506 232 2542 φωτὸς,
249 2504 343 2541 καλου,
369 2504 480 2540 ἔρωτος,
504 2503 674 2535 ἐκστάσεως,
698 2501 789 2539 ζήλου.
807 2502 862 2529 Καὶ
882 2502 924 2529 ὅτι

132 2553 164 2581 τὸ
183 2553 267 2580 κακὸν
278 2551 339 2579 οὕτε
352 2551 393 2583 ὃν,
407 2550 469 2578 οὔτε
486 2550 515 2584 ἐξ
535 2550 621 2582 ὄντος,
639 2549 702 2578 οὔτε
725 2551 755 2577 ὲν
774 2551 831 2582 τοῖς
845 2547 922 2577 οὖσι·

134 2601 199 2638 περὶ
209 2600 256 2628 τοῦ
272 2601 358 2631 ὄντος,
373 2600 402 2626 ὲν
417 2595 439 2633 ᾧ
458 2598 505 2625 καὶ
522 2597 747 2633 παραδείγματα·
765 2597 829 2634 περὶ
840 2597 922 2633 ζωῆς,

132 2648 198 2685 περὶ
218 2647 325 2682 σοφίας,
342 2645 400 2678 νοῦ,
422 2645 512 2680 λόγω,
534 2643 674 2679 ἀληθείας,
699 2644 834 2676 πίστεως·
859 2645 924 2681 περὶ

130 2695 289 2731 δυνάμεως,
309 2692 499 2727 δικαιοσύνης,
522 2689 670 2726 σωτηρίας,
694 2690 923 2727 ἀπολυτρώσεως·

131 2741 197 2776 περὶ
218 2739 336 2776 μεγάλου
361 2739 407 2765 καὶ
431 2736 540 2773 μικροῦ,
559 2735 669 2768 ταὺτοῦ,
693 2736 796 2772 ἑτέρου,
818 2737 922 2772 ὁμοίου,

131 2786 269 2822 ἀνομοίου,
288 2785 418 2816 στάσεως,
444 2783 594 2818 κινήσεως,
619 2781 754 2818 ἰσότητος·
770 2782 834 2818 περὶ
851 2782 923 2808 Παν-

131 2830 306 2866 τοκράτορος,
319 2827 438 2856 Παλαιοῦ
450 2827 573 2864 ἡμερῶν,
587 2827 617 2853 ὲν
631 2823 654 2861 ᾧ
672 2827 718 2854 καὶ
735 2827 800 2864 περὶ
815 2827 922 2859 αἰῶνος,

977 1809 1091 1841 terebat,
1106 1809 1211 1838 deifero
1234 1809 1387 1846 Polycarpo
1406 1811 1479 1838 dicta
1505 1810 1589 1838 fuere.
1607 1811 1694 1839 Porro
1708 1811 1769 1847 ejus

977 1855 1118 1891 sapientia:
1130 1860 1157 1883 et
1171 1856 1335 1891 eloquentiae
1362 1860 1491 1884 accurata
1508 1856 1707 1885 demonstratio
1726 1861 1770 1885 est.

976 1903 1074 1930 eximia
1098 1910 1131 1930 ac
1158 1902 1307 1938 singularis
1324 1904 1491 1939 scriptorum
1516 1903 1551 1931 ab
1577 1911 1610 1931 eo
1634 1904 1768 1932 librorum

976 1948 1110 1981 elocutio;
1132 1956 1193 1976 eam
1216 1949 1289 1976 enim
1320 1956 1382 1984 quae
1412 1949 1447 1977 ab
1461 1950 1583 1977 externis
1597 1957 1697 1978 nomen
1721 1958 1769 1979 ac—

976 1995 1049 2030 cepit
1067 1995 1253 2030 disciplinam,
1266 2000 1294 2023 et
1309 1995 1432 2023 divinam
1453 1999 1536 2031 atque
1549 2000 1683 2029 nostram,
1699 1998 1768 2025 mul-

976 2044 1031 2068 tam
1048 2040 1076 2067 in
1096 2044 1213 2076 utraque
1228 2040 1310 2076 355
1325 2045 1492 2069 consecutus
1506 2044 1549 2068 est
1562 2041 1723 2075 scientiam;
1742 2042 1767 2071 si

975 2087 1047 2115 enim
1063 2087 1162 2122 aliquis
1181 2087 1216 2114 ad
1239 2094 1397 2114 sermonum
1418 2087 1479 2121 ejus
1495 2087 1596 2114 decora
1615 2090 1642 2114 et
1661 2087 1767 2123 cogita-

975 2132 1080 2160 tionum
1105 2131 1320 2168 profunditatem
1339 2132 1488 2167 aspexerit,
1509 2139 1541 2159 ea
1566 2131 1695 2159 humana
1716 2139 1766 2159 na-

976 2182 1045 2207 turae
1066 2179 1148 2207 {cetus
1168 2179 1282 2206 minime
1300 2178 1418 2214 putabit,
1443 2177 1491 2206 sed
1507 2178 1652 2212 cujusdam
1672 2178 1766 2205 incor-

975 2225 1113 2260 ruptibilis
1134 2232 1166 2252 ac
1192 2224 1292 2252 divinae
1314 2224 1435 2252 virtutis.
1464 2223 1527 2251 Haec
1551 2223 1647 2258 itaque
1668 2223 1703 2250 ab
1732 2229 1769 2251 eo

975 2271 1078 2305 scripta
1101 2274 1177 2298 sunt.
1204 2269 1245 2297 Ad
1270 2269 1443 2296 Timotheum
1467 2268 1566 2304 Ephesi
1586 2268 1765 2304 episcopum,

974 2315 1021 2352 qui
1036 2320 1064 2344 ct
1082 2316 1140 2350 ipse
1157 2314 1235 2342 Pauli
1249 2314 1401 2350 discipulus
1415 2318 1483 2345 erat,
1507 2314 1544 2341 De
1565 2313 1662 2341 divinis
1679 2314 1765 2341 nomi-

975 2362 1063 2394 nibus,
1091 2362 1155 2390 libri
1181 2369 1220 2389 xn
1245 2361 1313 2397 (50).
1339 2360 1378 2388 De
1405 2360 1559 2395 conjuncta,
1587 2359 1766 2396 distinctaque

977 2409 1128 2444 Theologia.
1146 2408 1212 2442 Quae
1238 2408 1272 2435 sit
1290 2407 1326 2434 uis
1343 2407 1484 2439 orationis,
1501 2409 1529 2434 et
1557 2405 1591 2434 de
1605 2406 1687 2435 beato
1704 2405 1765 2434 Hie-

977 2455 1082 2486 rotheo,
1095 2460 1123 2482 et
1136 2454 1170 2482 de
1181 2453 1312 2488 religione
1323 2459 1356 2480 ac
1370 2451 1574 2487 conscriptione
1588 2450 1762 2486 Theologica.

975 2501 1014 2530 De
1035 2501 1117 2533 bono,
1136 2501 1207 2534 luce,
1232 2500 1357 2536 pulchro,
1382 2506 1485 2531 amore,
1509 2498 1609 2526 mentis
1629 2505 1762 2531 excessu,

976 2547 1044 2579 zelo.
1063 2550 1091 2575 et
1110 2547 1211 2575 malum
1229 2553 1280 2574 nec
1295 2553 1356 2574 esse
1373 2544 1522 2580 quidquam
1545 2544 1618 2579 quod
1639 2547 1691 2577 est,
1714 2552 1764 2571 nec

975 2601 1038 2621 esse
1057 2601 1090 2621 ex
1108 2600 1141 2621 eo
1163 2592 1235 2628 quod
1257 2595 1316 2625 est,
1335 2599 1386 2619 nec
1407 2591 1434 2618 in
1459 2591 1492 2618 iis
1510 2598 1571 2626 qua:
1585 2593 1660 2617 sunt.
1675 2589 1713 2617 De
1730 2597 1764 2618 eo

975 2640 1049 2676 quod
1063 2645 1115 2672 est,
1138 2640 1166 2667 in
1181 2646 1236 2675 quo
1253 2639 1334 2666 etiam
1351 2638 1385 2666 de
1407 2636 1619 2672 exemplaribus.
1644 2634 1681 2662 De
1696 2635 1763 2668 vita,

978 2687 1013 2714 de
1035 2686 1180 2721 sapientia,
1197 2689 1296 2717 mente,
1313 2685 1429 2716 ratione,
1446 2683 1570 2714 veritate,
1591 2681 1652 2708 (ide.
1668 2680 1705 2708 De
1725 2681 1762 2713 vi,

973 2731 1091 2767 iustitia.
1107 2731 1206 2763 salute,
1224 2730 1419 2765 redemptione.
1443 2726 1481 2754 De
1503 2733 1600 2761 magno
1619 2729 1646 2753 et
1667 2733 1762 2760 parvo,

976 2778 1083 2809 eodem,
1099 2778 1163 2807 alio.
1177 2777 1270 2808 simili,
1296 2775 1434 2807 dissimili,
1448 2777 1530 2804 statu,
1548 2774 1633 2804 motu,
1650 2773 1763 2807 aequali-

976 2828 1048 2857 tate;
1062 2824 1095 2852 de
1108 2823 1310 2858 Omnipotente,
1321 2822 1441 2856 Antiquo
1453 2819 1568 2852 dierum,
1581 2817 1610 2846 in
1621 2825 1674 2854 quo
1680 2818 1763 2847 etiam

171 2919 226 2956 (50)
246 2919 274 2949 ld
287 2924 331 2950 est
343 2924 450 2956 capita;
466 2922 559 2948 censet
573 2921 664 2947 autem
677 2921 783 2947 tantum
799 2917 842 2952 12,
855 2917 919 2954 quia
934 2916 1053 2952 primum
1069 2918 1110 2944 est
1125 2914 1213 2943 instar
1229 2913 1342 2950 prologi.
