1950 3065
214 139 264 168 611

795 136 824 164 S.
844 134 993 165 DlONYSll
1013 134 1244 164 AREOIAGITIE

1778 140 1828 167 6ιὲ

215 188 250 214 de
270 184 421 213 aeternitate
441 188 470 219 et
494 182 675 218 temporibus.
701 181 734 209 Et
761 182 826 217 quid
854 182 907 210 sibi
932 182 990 209 velil

1047 181 1093 207 καὶ
1105 181 1217 217 χρόνων·
1229 181 1276 208 καὶ
1285 181 1311 208 τί
1323 182 1445 217 βούλεται
1456 183 1487 209 τὸ
1497 183 1563 210 αὐτὸ
1573 180 1642 211 εἶναι
1650 192 1656 198 ·
1667 185 1731 221 περὶ
1744 185 1828 219 Ἀγίου

214 232 305 268 ipsum
320 238 392 258 esse.
413 229 451 257 De
465 229 567 257 Sancto
581 232 747 262 sanctorum,
763 227 836 263 Rege
850 236 955 264 regum,
971 232 998 255 et

214 277 330 304 Domino
345 276 528 307 dominorum,
541 279 622 310 atque
637 274 693 301 Deo
707 273 821 301 deorum
836 274 903 309 (5|).
922 273 998 300 Alius

213 322 283 350 liber
305 322 340 349 ad
354 321 478 349 eumdem
494 320 667 347 Timotheum
689 319 729 346 De
749 319 929 346 ecclaiauica
944 319 1001 346 hie-

212 369 331 400 rarclu'a,
353 368 496 395 continens
511 367 602 401 capita
617 366 661 394 15.
683 366 761 393 Alius
777 366 847 394 liber
867 366 903 393 ad
919 374 998 394 eum.

212 414 275 441 dem
299 413 471 441 Timotheum
495 412 534 439 De
548 412 647 439 mtein
670 411 829 444 hieran/tia,
845 411 893 447 qui
916 412 998 440 etiam

212 463 303 497 capita
319 462 353 489 l5
366 460 566 495 complectitur.
579 460 656 486 Alius
681 459 750 486 liber
764 459 798 486 ad
811 459 936 487 eumdem
952 458 999 486 Ti-

212 508 352 534 motheum
369 506 408 534 De
422 507 534 541 mystica
550 506 690 541 theologia,
707 505 850 533 continens
865 505 955 540 capita
969 505 994 533 5.

212 552 349 580 Feruntur
359 556 387 580 et
411 553 471 588 ejus
487 552 619 588 epistolae,
640 551 674 579 ad
690 551 788 579 Gaium
809 552 997 587 therapeutam

210 599 239 632 ι,
255 599 290 627 ad
304 599 469 627 Dorotheurn
484 599 630 626 diaconum
646 598 672 630 l,
686 598 720 625 ad
740 597 886 632 Sopatrum
906 605 997 624 sacer-

211 646 301 673 dotem
314 646 341 677 l.
355 645 390 672 ad
405 645 585 681 Polycarpum
607 643 730 680 Smyrna:
745 644 902 679 episcopum
918 644 944 676 l,
963 643 997 670 ad

210 691 400 727 Demophilum
424 691 613 725 therapeutam
636 690 664 721 l.
687 689 720 716 ad
740 689 872 718 Joannem
893 689 998 717 theolo-

209 744 286 772 gum,
301 736 455 772 apostolum
469 744 501 764 ac
515 736 709 771 evangelistam
723 735 749 762 ί.

245 827 394 855 Sciendum
408 831 496 854 autem
508 830 560 858 est,
572 825 705 862 quosdam
720 825 849 860 profanos
860 825 997 861 sapientes

1048 227 1144 260 ἁγίων,
1169 227 1304 260 Βασιλέως
1331 228 1473 264 βασιλέων,
1503 229 1550 256 καὶ
1584 229 1689 266 Κυρίου
1721 231 1828 267 κυρίων,

1049 274 1096 300 καὶ
1115 273 1183 300 Θεοῦ
1200 274 1276 302 θεῶν.
1295 275 1390 311 Ἑτέρα
1410 274 1499 310 βίϐλος
1512 274 1580 310 πρὸς
1596 275 1642 302 τὸν
1656 275 1736 303 αὑτὸν
1751 276 1829 312 Τιμό-

1049 321 1120 353 θεον,
1139 321 1210 355 Περὶ
1224 320 1478 355 ἐκκλησωστικῆς
1500 321 1660 355 ἱεραρχιας,
1675 322 1832 358 περιέχουσα

1049 367 1145 401 κεφάλ.
1160 370 1202 394 ιε’.
1229 367 1326 404 Ἑτέρα
1342 367 1431 403 βίϐλος
1444 367 1512 404 πρὸς
1531 367 1578 394 τὸν
1593 368 1673 394 αὐτὸν
1695 368 1830 404 Τιμόθεον,

1046 413 1117 448 Περὶ
1134 413 1190 448 τῆς
1203 414 1344 448 οὐρανίου
1361 414 1520 448 Ζεραρχιας,
1530 413 1695 450 περιέχουσα
1706 414 1754 441 καὶ
1766 414 1830 450 αὕτη

1048 460 1145 495 κεφάλ.
1169 463 1210 487 ιε’.
1234 460 1318 496 Ἄλλη
1338 460 1408 496 πρὸς
1426 460 1473 487 τὸν
1490 460 1570 487 αὐτδν
1581 460 1713 496 Τιμόθεον
1735 461 1829 496 βίϐλος,

1047 507 1117 541 Περὶ
1140 506 1292 541 μυστικῆς
1313 507 1483 542 θεολογίας,
1505 506 1672 543 περιέχουσα
1700 507 1831 542 κεφάλαια

1048 553 1137 579 πέντε.
1158 552 1288 589 Φέρονται
1301 553 1329 579 δὲ
1343 552 1425 580 αὑτοῦ
1449 553 1496 579 καὶ
1511 553 1649 580 ἐπιστολαὶ
1664 553 1732 589 πρὸς
1755 553 1831 581 Γάϊον

1047 599 1215 634 θεραπευτὴν
1227 599 1247 625 δ’
1261 608 1268 614 ·
1288 598 1356 635 πρὸς
1375 599 1511 635 Δωρόθεον
1535 599 1691 638 λειτουργὸν
1706 602 1732 626 α’
1742 607 1750 614 ’
1763 599 1831 635 πρὸς

1047 644 1193 680 Σώπατρον
1224 644 1299 681 ἱερέα
1320 648 1361 672 α’·
1388 645 1457 682 πρὸς
1488 644 1666 681 Πολύκαρπον
1704 645 1831 682 ῑεράρχην

1047 691 1173 727 Σμύρνης
1195 694 1220 718 α’
1233 700 1239 706 '
1263 691 1333 727 πρὸς
1358 691 1509 728 Δημόφιλον
1525 692 1695 728 θεραπευτὴν
1708 695 1732 718 α’
1742 700 1749 708 ·
1764 692 1831 728 πρὸς

1054 736 1180 773 Ἰωάννην
1197 737 1243 764 τὸν
1257 737 1381 772 θεολόγον
1400 737 1445 764 τὸν
1464 738 1612 765 ἀπόστολον
1634 738 1680 765 καὶ
1691 737 1831 773 εὐαγγελι-

1047 782 1113 818 στὴν
1127 787 1162 809 α’.

1089 830 1185 856 ’ἰστέον
1200 829 1228 856 δὲ
1247 829 1285 861 ὥς
1302 838 1373 862 τινες
1392 829 1447 857 τῶν
1464 830 1516 863 ἔξω
1534 829 1633 865 σοφῶν,
1651 830 1697 857 καὶ
1717 830 1830 866 μάλιπα

209 880 242 900 ac
256 874 375 901 maxime
386 872 525 905 Proclum,
539 872 680 900 sententiis
694 876 774 907 atque
794 871 913 899 inventis
929 871 990 899 beat

1050 876 1180 912 Πρόκλος,
1201 875 1359 911 θεωρήμασι
1375 875 1504 907 πολλάκις
1523 875 1570 903 τοῦ
1586 875 1720 912 μακαρίου
1741 877 1830 903 Διονυ-

209 918 332 954 Dionysii
358 918 515 953 frequenter
536 926 598 946 esse
620 925 703 951 usos,
724 917 790 953 quin
806 917 889 944 etiam
912 917 993 944 nudis

207 965 320 998 verbis;
337 965 410 992 unde
435 964 569 1000 suspicari
595 965 674 997 licet,
694 964 858 992 vetustiores
882 963 995 991 Athenis

208 1009 398 1045 philosophos,
418 1010 471 1037 sibi
494 1010 554 1045 ejus
574 1017 658 1045 opera
679 1012 854 1044 usurpantes,
878 1015 994 1044 quorum

209 1056 269 1092 ipse
289 1057 321 1083 ad
346 1056 518 1084 Timotheum
535 1056 660 1084 scribens
674 1055 813 1088 meminit,
829 1055 994 1088 occultasse,

208 1106 239 1129 ut
254 1102 305 1137 ipsi
322 1102 478 1130 divinorum
493 1102 554 1136 ejus
569 1101 701 1129 librorum
717 1105 809 1136 patres
826 1101 993 1130 viderentur.

208 1146 279 1182 Ergo
296 1146 342 1174 Dei
364 1147 499 1182 interpres
513 1146 671 1182 Dionysius,
686 1150 814 1181 provecta
827 1146 884 1181 jam
903 1149 993 1180 astate,

207 1194 370 1229 dierumque
393 1194 506 1229 spiritus
524 1195 632 1228 plenus,
653 1192 786 1227 martyrio
810 1199 859 1226 pro
882 1191 994 1219 Christo

207 1243 414 1267 consummatur
424 1239 477 1267 sub
488 1239 607 1274 Trajano
617 1238 735 1271 Caesare,
747 1238 857 1273 quando
867 1241 894 1265 et
907 1237 994 1265 deifer

207 1285 328 1321 lgnatius
342 1289 480 1313 certamen
503 1285 716 1312 immortalitatis
737 1284 897 1312 decertavit.
923 1283 991 1311 Nota

207 1331 366 1360 Michaelem
392 1331 538 1367 Syngelum
555 1331 834 1366 Hierosolymitanum
858 1330 993 1358 laudatio-

206 1386 269 1405 nem
282 1378 372 1413 magni
389 1377 508 1413 Dionysii
524 1377 679 1412 scripsisse,
700 1377 728 1404 in
741 1384 794 1412 qua
809 1377 876 1404 dicit
890 1386 897 1404 :
916 1387 925 1403 ι
940 1376 993 1404 Ve-

206 1424 299 1452 nimus
311 1424 389 1452 vobis
413 1423 542 1451 audiendi
559 1423 666 1459 cupidis
681 1423 858 1459 proposituri,
875 1431 935 1458 qua:
949 1424 992 1451 vel

204 1470 352 1497 traditione
366 1477 421 1497 non
429 1470 542 1504 scripta,
553 1473 601 1496 aut
615 1470 716 1504 scripta
729 1470 892 1504 accepimus.
918 1469 992 1498 Talis

206 1516 289 1551 igitur
303 1523 393 1544 sermo
407 1516 441 1542 ad
456 1524 507 1544 nos
523 1517 656 1551 pervenit,
670 1516 725 1543 lilio
740 1524 755 1542 a
769 1519 846 1551 patre
863 1515 989 1550 traditus,

1045 921 1102 948 σίου
1118 922 1258 957 κέχρηται,
1275 921 1321 948 καὶ
1331 921 1425 953 αὐταῖς
1443 921 1472 948 δὲ
1488 921 1583 958 ξηραῖς
1594 923 1654 954 ταῖς
1666 921 1763 954 λέξεσι.
1775 922 1830 948 Καὶ

1043 966 1116 993 ἐστιν
1136 967 1262 994 ὑπόνοιαν
1276 968 1309 994 ἐκ
1321 967 1416 994 τούτου
1438 967 1540 999 λαϐεῖν,
1557 968 1595 999 ὡς
1611 968 1636 994 οἱ
1659 968 1688 995 ἐν
1708 967 1830 1003 Ἀθήναις

1043 1011 1217 1048 παλαιότεροι
1229 1010 1284 1038 τῶν
1299 1011 1460 1046 φιλοσόφων,
1480 1012 1704 1048 σφετερισάμενοι
1715 1011 1764 1044 τὰς
1782 1012 1828 1040 αὐ-

1042 1056 1090 1083 τοῦ
1106 1056 1304 1092 πραγματείας,
1324 1054 1362 1084 ὧν
1379 1057 1460 1089 αὐτὸς
1480 1058 1642 1093 μνημονεύει
1658 1058 1726 1094 πρὸς
1747 1057 1823 1093 Τιμό-

1043 1102 1103 1129 θεον
1118 1103 1241 1138 γράφων,
1257 1103 1428 1140 ἀπέκρυψαν,
1444 1103 1487 1130 ἵνα
1503 1104 1618 1141 πατέρες
1637 1104 1714 1131 αὐτοὶ
1727 1104 1830 1138 ὀφθῶσι

1041 1149 1096 1175 τῶν
1116 1149 1196 1176 θείων
1213 1149 1294 1176 αὐτοῦ
1315 1149 1411 1184 λόγων.
1432 1149 1461 1176 'O
1476 1150 1566 1176 τοίνυν
1593 1150 1750 1187 θεοφάντωρ
1769 1151 1830 1177 Διο-

1042 1194 1143 1226 νύσιος,
1161 1195 1210 1230 ἤδη
1227 1203 1277 1222 που
1295 1195 1398 1231 μακρὸν
1421 1195 1518 1228 ἐλάσας
1537 1195 1641 1232 χρόνον,
1656 1196 1703 1223 καὶ
1723 1196 1830 1232 πλήρης

1042 1240 1152 1276 ἡμερῶν
1174 1241 1291 1276 γεγονὼς
1306 1241 1361 1268 τῶν
1378 1241 1425 1268 τοῦ
1441 1241 1608 1277 πνεύματος,
1629 1241 1770 1279 μαρτυρίῳ
1790 1241 1829 1278 τᾷ

1042 1286 1113 1322 ὑπὲρ
1125 1287 1240 1322 Χριστοῦ
1251 1287 1409 1320 τελειοῦται,
1422 1287 1467 1314 ἐπὶ
1479 1287 1614 1323 Τραϊανώ
1625 1287 1773 1323 Καίσαρος,
1785 1287 1830 1315 ὅτι

1042 1332 1089 1359 καὶ
1098 1333 1112 1359 ό
1126 1332 1252 1368 θεοφόρος
1266 1333 1393 1367 Ἰγνάτιος
1412 1333 1456 1360 τὸν
1469 1333 1518 1368 τῆς
1531 1333 1678 1365 ἀθανασίας
1688 1333 1831 1369 διήθλησεν

1041 1378 1143 1412 ἀγῶνα.
1161 1379 1221 1405 Ὅτι
1237 1379 1277 1410 είς
1292 1378 1338 1405 τὸν
1353 1379 1438 1414 μέγαν
1451 1379 1588 1405 Διονύσιον
1601 1378 1720 1414 ἔγραψεν
1739 1378 1829 1413 ἐγκώ-

1043 1433 1103 1461 μιον
1122 1425 1230 1461 Μιχαὴλ
1249 1425 1382 1459 Σύγγελος
1411 1425 1611 1462 Ἰεροσολύμων,
1632 1426 1662 1452 ἐν
1681 1421 1703 1459 ᾧ
1726 1433 1831 1460 φησιν*

1044 1480 1054 1496 ‹
1067 1471 1136 1498 Ὅσα
1149 1471 1182 1498 δι’
1196 1471 1319 1507 ἀγράφου
1342 1471 1515 1507 παραδόσεως
1535 1471 1552 1506 ἢ
1572 1471 1716 1506 ἐγγράφως
1732 1478 1833 1507 παρειο

1040 1515 1174 1552 λήφαμεν,
1196 1516 1299 1551 ἥκομεν
1321 1515 1385 1550 ὑμῖν
1412 1515 1610 1551 φιλακροάμοσι
1634 1514 1834 1550 παραθησόμε-

205 1570 333 1598 magnum
349 1563 422 1589 hunc
436 1562 606 1598 Dionysium,
623 1566 745 1599 tempore
759 1562 841 1598 356
864 1563 990 1590 salutaris

1042 1570 1091 1589 νοι.
1131 1561 1255 1594 Τοιοῦτος
1271 1560 1317 1589 οὖν
1336 1562 1376 1593 εἰς
1395 1562 1467 1597 ἡμᾶς
1491 1562 1644 1597 κατήντηκε
1663 1561 1749 1595 λόγος,
1765 1561 1835 1588 ἀνέ-

204 1608 353 1642 l’assionis,
369 1616 431 1635 cum
447 1609 487 1636 sol
504 1609 531 1635 in
547 1608 662 1636 meridie
676 1609 869 1640 occultaretur,
885 1616 918 1635 eo
941 1609 993 1636 mi-

202 1655 299 1682 raculo
316 1656 491 1682 vehementer
513 1654 672 1686 attonitum,
698 1662 730 1681 ac
753 1655 825 1682 ultra
843 1654 991 1681 humanam

203 1700 386 1736 cognitionem
407 1704 542 1732 evectum,
561 1701 605 1727 ubi
630 1705 720 1728 mente
734 1700 807 1735 quod
830 1700 911 1728 ﬁebat
930 1708 992 1735 per-

203 1747 353 1781 pendisset,
366 1747 487 1774 dixisse:
508 1747 618 1781 Ignotus
643 1747 711 1774 Deus
732 1747 843 1781 patitur,
865 1746 896 1773 ob
916 1754 990 1781 quem

202 1793 252 1820 hoc
275 1794 425 1821 universum
452 1795 564 1829 caligine
597 1793 738 1820 obductum
758 1797 797 1820 est
822 1801 853 1819 ac
880 1801 990 1820 concus-

203 1846 280 1866 sum:
293 1846 410 1874 moxque
427 1843 535 1874 tempus
552 1846 606 1874 quo
619 1846 667 1874 per
683 1839 840 1867 universum
856 1838 988 1865 mundum

201 1887 339 1918 patratum
364 1888 406 1912 est
436 1885 619 1916 miraculum,
646 1884 799 1911 certissime
824 1884 987 1919 designans,

201 1929 275 1964 apud
301 1938 331 1958 se
354 1931 550 1962 conservabat,
567 1930 632 1966 quid
657 1937 690 1958 eo
712 1929 922 1957 denuntiaretur
940 1937 988 1957 ex-

202 1980 339 2010 spectans.
363 1976 485 2004 Meminit
498 1976 579 2004 etiam
597 1977 655 2012 ipse
674 1977 703 2004 in
718 1976 834 2011 epistola
855 1976 889 2004 ad
908 1975 988 2012 Poly-

201 2026 325 2054 carpum,
344 2021 462 2048 maxime
484 2021 612 2049 horrendi
638 2022 711 2048 illius
734 2021 832 2049 solaris
846 2020 986 2055 defectus;

199 2072 263 2092 nam
286 2074 348 2093 cum
371 2067 573 2102 Apollophanes
599 2068 681 2094 homo
709 2067 898 2103 philosophus,
923 2067 984 2094 reli-

199 2111 281 2146 gione
306 2111 432 2145 Graecus,
460 2112 658 2147 indignaretur,
689 2113 808 2147 huicque
840 2116 882 2139 ter
907 2111 986 2139 beato

199 2157 412 2190 conviciaretur.
432 2158 506 2194 quod
529 2166 590 2186 cum
614 2159 801 2186 amicissimus
827 2158 923 2185 fuisset
953 2165 986 2184 ac

198 2204 348 2239 popularis,
370 2206 473 2240 patrios
495 2206 585 2232 cultus
601 2209 785 2238 aversaretur,
810 2210 838 2232 et
851 2205 985 2233 Christia-

198 2258 261 2278 nam
286 2250 365 2278 ﬁdem
386 2251 524 2288 praeferret
548 2255 629 2287 atque
650 2252 859 2287 amplecteretur
879 2253 982 2279 acerri-

198 2303 296 2330 meque
319 2300 453 2330 tueretur,
474 2305 507 2324 ac
531 2297 687 2324 Grzecorum
714 2298 865 2325 rationibus
886 2302 982 2325 contra

197 2343 306 2372 Graecos
319 2348 454 2378 uteretur;
470 2344 623 2371 convicium
634 2348 661 2371 et
678 2344 892 2380 indignationem
907 2344 982 2372 refu-

196 2395 255 2418 tare
269 2393 378 2418 tentans
392 2398 424 2417 ac
433 2390 523 2425 potius
531 2389 683 2425 Polycarpo
696 2390 910 2427 (refutationem)
920 2400 981 2427 sug-

195 2445 305 2473 gerens.
316 2437 344 2464 in
353 2444 433 2472 quem
444 2437 489 2464 ille
503 2436 655 2463 commilito
667 2437 781 2464 dicteria
792 2438 839 2464 illa
850 2438 978 2473 ﬁngebat,

197 2483 253 2510 haec
267 2481 335 2509 dicit
352 2491 358 2508 :
391 2479 431 2508 Tu
476 2484 566 2508 autem
581 2481 650 2508 dicis
667 2482 830 2511 maledicere
850 2483 915 2510 mihi
931 2490 978 2511 so-

196 2530 314 2566 phistam
331 2527 557 2562 Apollophanem,
567 2535 600 2555 ac
615 2528 780 2563 parricidam
815 2528 957 2557 nominare
968 2550 977 2564 ,

194 2581 221 2604 et
242 2580 350 2604 extera.

1042 1608 1125 1635 καθεν
1136 1609 1205 1645 πρὸς
1216 1609 1318 1645 πατρὸς
1334 1608 1409 1635 παιδὶ
1425 1607 1650 1643 παραδεδομένος,
1661 1607 1698 1638 ὡς
1710 1608 1725 1633 ό
1741 1606 1836 1642 μέγας

1040 1656 1176 1688 Διονύσιος
1195 1654 1271 1688 οὗτος
1287 1656 1357 1683 κατὰ
1375 1656 1420 1683 τὸν
1434 1655 1481 1682 τοῦ
1498 1655 1630 1691 σωτηρίου
1646 1654 1752 1686 Πάθους
1768 1663 1838 1680 και-

1041 1703 1098 1738 ρὸν,
1115 1703 1196 1737 ήνίκα
1214 1702 1348 1738 μεσούσης
1363 1702 1468 1737 ἡμέρας
1483 1702 1497 1728 ό
1510 1701 1584 1736 ἥλιος
1600 1700 1763 1736 ἐκρύπτετο,
1783 1700 1837 1727 ἐπὶ

1039 1746 1079 1782 τῷ
1099 1746 1242 1782 παραδόξῳ
1255 1746 1356 1783 σφόδρα
1371 1746 1506 1781 τεθηπὼς,
1523 1746 1569 1773 καὶ
1582 1745 1632 1781 τὴν
1655 1744 1836 1780 ἀνθρωπείαν

1039 1792 1234 1829 ὑπερσεϐηκὼς
1247 1792 1357 1827 γνῶσιν,
1368 1792 1537 1828 κατανοήσας
1545 1791 1578 1827 τὸ
1588 1791 1710 1826 γεγονὸς,
1723 1791 1838 1825 Ἀγνω-

1038 1846 1121 1871 στος,
1128 1838 1189 1874 ἐφη,
1201 1838 1310 1872 πάσχει
1318 1838 1398 1870 Θεὸς,
1407 1837 1443 1864 δι’
1454 1837 1490 1864 ὃν
1497 1837 1564 1864 τόδε
1572 1837 1605 1863 τὸ
1616 1836 1678 1863 πᾶν
1684 1835 1839 1870 ὲζόφωταί

1038 1891 1070 1909 τε
1079 1884 1128 1910 καὶ
1137 1883 1320 1910 σεσάλευται
1329 1891 1337 1898 ·
1351 1883 1398 1910 καὶ
1411 1883 1581 1920 παραχρῆμα
1595 1882 1641 1909 τὸν
1649 1881 1756 1918 χρόνον,
1764 1881 1833 1909 καθ’

1035 1929 1066 1956 ὃν
1088 1929 1161 1956 τουτὶ
1183 1929 1213 1956 τὸ
1233 1929 1402 1965 παγκόσμιον
1426 1929 1578 1956 ἐτετέλεστο
1596 1928 1835 1964 τερατούργημα,

1035 1977 1296 2012 τεκμηριωσάμενος
1326 1976 1418 2011 ἐτήρει
1444 1976 1509 2011 παρ’
1536 1974 1643 2010 ἑαυτῷ,
1665 1973 1838 2001 τούντεῦθεν

1035 2021 1262 2057 διαγγελούμενον
1289 2021 1460 2058 καραδοκῶν.
1485 2020 1630 2056 Μέμνηται
1659 2020 1752 2056 μέντοι
1779 2019 1837 2046 καὶ

1036 2067 1116 2099 αὐτὸς
1128 2069 1157 2094 ἐν
1171 2068 1205 2102 τῇ
1226 2068 1294 2102 πρὸς
1310 2066 1488 2102 Πολύκαρπον
1505 2065 1632 2101 ἐπιστολῇ
1644 2065 1692 2100 τῆς
1707 2064 1836 2099 ἡλιακῆς

1035 2113 1181 2149 ἐκλείψεως
1203 2113 1310 2149 ἐκείνης
1331 2113 1381 2147 τῆς
1402 2112 1634 2148 φρικωδεστάτης.
1659 2110 1838 2145 Ἀπολλοφά-

1034 2168 1095 2191 νους
1110 2159 1165 2196 γὰρ
1187 2159 1282 2195 ἀνδρὸς
1296 2159 1450 2194 φιλοσόφου,
1463 2158 1512 2193 τὴν
1528 2157 1675 2194 θρησκείαν
1693 2156 1836 2192 Ἕλληνος

1032 2205 1228 2241 τυγχάνοντος,
1258 2204 1424 2240 νεμεσῶντός
1444 2213 1474 2230 τε
1491 2203 1538 2230 καὶ
1556 2202 1761 2238 λοιδορουμένου
1788 2201 1836 2237 τῷ

1034 2251 1178 2288 τρισολϐίῳ
1193 2251 1290 2286 τούτῳ,
1306 2251 1343 2283 ὡς
1359 2250 1459 2286 ἑταίρῳ
1472 2249 1551 2284 δῆθεν
1566 2250 1622 2276 ὁντι
1640 2247 1762 2283 φιλτάτῳ
1778 2247 1836 2274 καὶ

1034 2297 1169 2332 ὸμογενεῖ,
1186 2296 1220 2323 τὰ
1237 2296 1352 2332 πατρῷα
1370 2295 1418 2331 μὲν
1436 2294 1629 2331 μυσαττομένῳ
1649 2293 1835 2328 σεϐάσματα,

1032 2342 1082 2378 τὴν
1097 2343 1124 2369 δὲ
1138 2343 1192 2370 τῶν
1207 2343 1375 2379 Χριστιανῶν
1389 2341 1554 2378 προτιμῶντι
1576 2341 1623 2367 καὶ
1640 2339 1836 2374 ἁσπαζομὲνῳ

1032 2389 1138 2421 πίστιν,
1161 2389 1207 2415 καὶ
1230 2389 1331 2424 ταύτης
1362 2386 1600 2422 ἁγωνιστικὼτατα
1611 2385 1836 2422 προασπίζοντι,

1032 2434 1078 2460 καὶ
1103 2435 1159 2466 τοῖς
1184 2433 1317 2469 Ἑλλήνων
1339 2434 1409 2461 κατὰ
1433 2434 1487 2460 τῶν
1515 2433 1646 2468 Ἐλλήνων
1674 2431 1834 2467 χρωμένῳ,

1029 2480 1233 2517 τὴν-λοιδορίαν
1263 2481 1309 2507 καὶ
1330 2480 1439 2515 νέμεσιν
1460 2478 1654 2510 ἀνασκευάζειν
1678 2476 1834 2512 πειρώμε-

1030 2535 1090 2559 νος,
1112 2528 1211 2563 μᾶλλον
1230 2528 1259 2554 δὲ
1280 2527 1471 2562 ὑποτιθέμενος
1490 2525 1529 2560 τῷ
1549 2524 1731 2559 Πολυκάρπῳ,
1751 2523 1833 2559 πρὸς

1029 2573 1060 2601 ὃν
1084 2575 1131 2602 καὶ
1156 2577 1171 2602 ό
1197 2573 1399 2611 συστρατιώτης
1438 2573 1554 2599 ἐποιεῖτο
1580 2571 1614 2598 τὰ
1645 2570 1833 2606 σκώμματα,

193 2625 256 2652 τάδε
279 2622 361 2659 φησι·
396 2620 432 2648 Σὺ
449 2619 478 2646 δέ
496 2619 548 2655 φὴς
559 2619 735 2656 λοιδορεῖσθαί
748 2629 792 2656 μοι
806 2619 852 2647 τδν
871 2620 998 2648 σοφιστὴν
1023 2622 1239 2658 ’Δπολλοφάνηνξ,
1259 2622 1307 2649 καὶ
1326 2620 1493 2658 πατραλοίαν
1507 2619 1665 2652 ἀποκαλεῖν,
1710 2619 1762 2647 καὶ
1788 2618 1835 2647 τὰ

193 2671 269 2706 ἑξῆς.

228 2750 284 2786 (Pil)
305 2748 420 2777 Omisit:
438 2747 474 2775 De
487 2746 601 2782 perfecto
613 2751 637 2774 et
652 2754 715 2773 uno.
