1950 3065
133 164 185 194 615
757 165 849 198 VITA,
868 164 913 192 EX
929 162 1134 193 NICEPHORO.
1703 162 1736 193 Oi
1743 162 1760 190 4

453 325 595 374 VITA
630 326 679 371 S.
718 324 995 371 DIONYSII
1034 323 1431 369 ABEOPAGITIE

753 422 798 453 Ex
815 421 897 452 libro
913 430 934 451 ιι
953 419 1137 459 Nicephori.

414 505 503 533 Grece
515 510 540 533 et
551 505 643 533 Latine
655 505 756 539 primus
770 503 853 531 edidit
870 503 964 530 Petrus
985 501 1149 533 Lausselius,
1167 499 1228 528 Sac.
1244 499 1309 528 Iesu
1319 499 1465 536 presbyter.

165 634 220 662 Καὶ
235 634 339 666 Παῦλος
354 633 433 670 ἄχρις
448 633 568 669 Ἀθηνῶν
585 633 739 670 ἐπορεύετο.
751 632 876 664 Εἱδὼλοις
889 633 917 660 δὲ
932 657 935 662 λ

1002 629 1036 657 Et
1055 628 1158 657 Paulus
1172 628 1293 656 Athenas
1318 634 1405 662 usque
1424 626 1507 653 venit.
1525 624 1591 652 Eam
1607 624 1700 652 urbem
1720 624 1757 652 si.

131 681 232 716 σφόδρα
248 680 297 716 τὴν
317 679 393 706 πόλιν
416 679 487 716 ὀρῶν
508 679 737 716 προσανέχουσαν,
759 680 814 710 τοῖς
833 687 863 705 τε
886 680 898 705 ἐ

988 677 1153 703 Iulacrorum
1174 674 1262 701 culmi
1280 673 1398 701 deditam
1418 679 1545 704 cernens,
1567 678 1708 699 sermones
1731 675 1758 699 et

130 727 180 762 τῆς
204 726 364 761 συναγωγῆς
384 725 536 761 διωμιλεϊτο
558 726 605 752 καὶ
623 726 679 757 τοῖς
698 726 788 752 ἐκεῖσε
809 724 900 759 φιλοσό

987 731 1030 750 um
1053 722 1096 750 eis
1119 721 1166 757 qui
1187 728 1221 748 ex
1244 727 1380 755 synagoga
1407 721 1486 746 erant
1510 717 1623 748 ludatis.
1647 720 1674 744 et
1695 725 1757 744 cum

131 782 200 807 φοις,
217 774 274 805 τοῖς
300 773 354 799 ἀπὺ
376 772 422 799 τοῦ
445 771 606 808 Ἐπικούρου
629 771 676 798 καὶ
693 771 744 806 τῆς
761 771 854 802 Στοᾶς.
870 768 901 797 οἷ

988 767 1140 803 hilosophis
1164 766 1309 802 epicumis
1328 765 1410 793 simul
1435 768 1462 792 et
1479 764 1575 792 stoicis
1596 763 1713 791 confert.
1735 763 1758 790 Δ

129 819 161 855 δὴ
176 819 222 846 καὶ
243 819 282 851 ὡς
302 819 509 853 σπερμολόγος
524 818 571 845 καὶ
587 817 669 851 ξένων
686 817 831 853 δαιμονίων
849 825 899 843 κατ

988 815 1069 842 uibus
1084 818 1214 849 tanquam
1237 812 1434 840 seminiverbius
1455 819 1504 839 seu
1525 810 1646 838 inanium
1660 810 1757 837 verbo-

117 865 260 899 ταγγελεὺς
288 864 476 902 περιύϐριστο·
504 863 551 891 καὶ
577 864 644 900 δῆτα
667 863 732 890 εἴσω
753 863 851 899 χειρῶν
874 863 887 890 θ

986 870 1029 889 um
1054 864 1139 893 sator.
1154 863 1182 888 et
1203 859 1410 895 peregrinorum
1432 857 1546 885 deorum
1569 856 1756 889 annuntiator,

133 919 225 947 μενοι,
249 910 296 936 ἐπὶ
321 910 352 936 τδ
375 910 441 946 παρ’
467 910 558 942 αὐτοῖς
584 910 713 944 μέγιστον
744 909 902 946 δικαστήριο

985 906 1101 935 onviciis
1117 906 1235 942 graviter
1253 904 1427 940 exagitatur:
1444 907 1471 931 et
1487 902 1703 938 comprehensus
1726 902 1754 930 in

129 955 251 990 ἄγουσιν,
271 952 293 990 ᾧ
316 957 425 992 ’Δρειος
446 957 534 990 πάγος
555 956 650 991 ὄνομα,
666 956 713 982 καὶ
727 955 767 990 τῷ
787 954 899 990 συνεδρίι

987 960 1128 988 upremum
1150 951 1188 979 ibi
1209 951 1360 986 judicium,
1382 950 1572 985 Areopagum,
1592 955 1640 976 seu
1663 947 1757 976 Martis

129 1002 183 1028 τῶν
196 1001 329 1028 δικαστῶν
347 1002 582 1037 παραστήσαντες,
600 1000 688 1036 (ἐννέα
707 1000 736 1027 δὲ
749 997 819 1035 ἦσαν
834 997 899 1027 οὗτοι

986 1000 1059 1026 icum
1086 997 1245 1029 nominant,
1274 997 1445 1032 producitur,
1469 998 1550 1031 atque
1575 994 1610 1021 ad
1634 994 1756 1028 jndicum

130 1047 210 1084 σοφίᾳ
236 1047 282 1074 καὶ
305 1047 378 1082 γένει
405 1047 451 1074 καὶ
476 1046 584 1081 πλούτῳ
607 1045 661 1073 τῶν
696 1045 783 1073 ἄλλων
809 1044 900 1072 πάντω

988 1045 1099 1073 ubsellia
1119 1044 1235 1072 sistitur.
1256 1042 1358 1070 Novem
1382 1042 1402 1070 ii
1419 1045 1515 1073 erant,
1536 1040 1681 1076 sapientia,
1703 1040 1758 1068 vir-

130 1093 292 1130 ὑπερφέρειν
312 1092 481 1128 δοκοῦντες’)
497 1092 610 1119 ἐπὶτῶν
634 1091 795 1118 δικαπικῶν
816 1091 900 1127 θρόνω

988 1095 1036 1123 ite.
1052 1098 1151 1127 genere
1165 1095 1193 1118 et
1206 1089 1305 1125 opibus
1326 1089 1455 1116 omnibus
1471 1088 1533 1116 aliis
1553 1087 1758 1123 praestantiores

128 1139 283 1175 ἀριστίνδην
304 1138 485 1174 ἐξειλεγμένοι
507 1137 705 1174 προὺκάθηντο.
724 1134 774 1164 Ὠν
793 1138 823 1163 ἐν
843 1137 898 1172 μέσι

988 1137 1074 1169 abiti,
1099 1140 1127 1165 et
1149 1136 1183 1164 ad
1205 1135 1329 1170 judicqu
1353 1142 1453 1162 munus
1479 1134 1653 1167 obeundum,
1676 1139 1757 1170 prout

131 1186 290 1221 γενόμενος,
312 1185 360 1220 τὴν
374 1184 582 1219 δεισιδαιμονίαν
602 1183 713 1210 ἐκείνων
734 1183 858 1219 ἤγγελλε,
872 1192 901 1210 κο

988 1184 1085 1218 nisque
1096 1189 1192 1210 eorum
1205 1181 1282 1210 visus
1297 1186 1340 1209 est
1353 1181 1474 1216 optimus
1488 1180 1522 1208 ad
1543 1181 1663 1208 tribunal
1681 1181 1755 1209 lecti.

128 1231 176 1258 τοῦ
198 1232 262 1266 παρ’
280 1230 393 1263 ἐκείνοις
408 1231 470 1263 νεὼ,
487 1229 517 1262 ὃς
537 1229 691 1264 Ἀγνώστῳ
709 1228 769 1261 Θεῷ
784 1229 898 1256 ἀνέκειτι

986 1237 998 1256 n
1021 1229 1111 1257 medio
1125 1229 1222 1256 horum
1237 1228 1401 1260 consistens.
1424 1227 1649 1263 superstitionem
1662 1235 1756 1256 eorum

129 1277 222 1304 τούτου
242 1275 310 1303 εἶναι
326 1276 472 1303 ἀπόστολον
488 1275 606 1303 ἔπειθεν·
623 1275 653 1302 ὃν
667 1275 713 1301 καὶ
727 1274 828 1311 Κύριον
841 1274 899 1310 ἕλεγ

987 1283 1077 1311 neque
1095 1275 1156 1310 ejus
1171 1282 1232 1310 quae
1253 1275 1324 1310 apud
1346 1282 1394 1302 eos
1412 1273 1506 1310 Ignoto
1528 1274 1582 1302 Dea
1597 1278 1757 1302 consecrata

129 1323 175 1350 καὶ
197 1323 308 1359 κτίστην
328 1323 380 1359 γῆς
403 1324 449 1350 καὶ
470 1321 596 1360 οὐρανοῦ,
620 1322 654 1349 δι’
676 1319 706 1349 οὗ
725 1322 756 1349 τὸ
771 1307 846 1349 ,πᾶν
869 1307 899 1349 κο

987 1307 1042 1354 rat,
1064 1307 1211 1349 annuntiat
1224 1331 1231 1348 :
1247 1307 1331 1356 seque
1355 1320 1416 1355 ejus
1428 1307 1585 1356 apostolum
1599 1325 1627 1348 et
1640 1321 1757 1356 legatum

128 1369 237 1405 ἀνενδεῆ
265 1368 359 1395 τοῦτον
385 1368 431 1395 καὶ
455 1368 580 1403 ἀνόμοιον
600 1368 675 1405 πάσῃ
697 1368 746 1405 ὕλῃ
768 1368 894 1404 προὺτίθε

987 1375 1029 1396 sse
1049 1367 1160 1400 asserit,
1179 1374 1259 1402 quem
1278 1370 1306 1394 et
1320 1366 1466 1394 Dominum
1481 1370 1508 1394 et
1523 1370 1674 1394 creatorem
1695 1367 1757 1394 ctrli

134 1414 203 1441 Ἀλλ’
216 1415 276 1442 οὐδέ
290 1424 342 1441 τινι
356 1415 427 1450 ἄλλῳ
440 1414 620 1450 θεραπεύεται
635 1414 651 1450 ἢ
667 1416 722 1447 τοῖς
741 1415 794 1441 τῶν
808 1414 904 1449 ἀγαθῶ

987 1417 1098 1446 tterraz,
1115 1413 1187 1448 quod
1211 1412 1319 1441 scilicet
1341 1420 1391 1448 per
1414 1420 1478 1440 eum
1502 1411 1583 1448 357
1604 1413 1757 1440 consistant

127 1458 219 1495 ἔργοις
234 1460 281 1487 καὶ
294 1461 327 1496 τῇ
339 1459 484 1494 ἐπιγνώσει
499 1460 550 1494 τῆς
566 1460 710 1495 ἀληθείας·
726 1460 818 1487 καὶτὰ
837 1460 897 1496 μέχί

986 1460 1069 1492 mnia,
1090 1460 1202 1495 ipseque
1222 1458 1325 1486 nullius
1339 1458 1378 1486 rei
1395 1458 1532 1494 indigens,
1550 1458 1618 1486 nulli
1635 1459 1756 1486 omnium

126 1505 202 1532 τοῦδε
218 1506 300 1542 ἀγνοή
305 1515 376 1542 ματα
387 1506 419 1533 δι’
430 1505 507 1541 ἡμῶν
519 1507 641 1542 παρορᾷν
657 1505 740 1540 λέγει,
753 1505 801 1532 τοῦ
822 1505 896 1532 λοιπε

987 1506 1090 1533 lateris:
1117 1505 1216 1533 similis
1240 1505 1291 1537 sit,
1319 1504 1421 1532 laudat.
1449 1504 1489 1531 llli
1516 1505 1630 1540 insuper
1653 1505 1757 1533 addens

126 1551 155 1577 δὲ
173 1553 319 1586 μετανοεῖν,
337 1553 383 1579 καὶ
405 1552 495 1586 λόγοις
517 1552 601 1579 εἴκειν
617 1551 744 1583 πίστεως.
766 1551 810 1583 Ὠς
826 1552 873 1579 καὶ
887 1561 896 1578 -ι

988 1551 1043 1579 ulla
1055 1559 1118 1579 eum
1133 1551 1186 1578 alia
1209 1559 1240 1579 re
1256 1558 1336 1586 quam
1353 1551 1406 1586 piis
1421 1551 1555 1578 bonorum
1577 1551 1716 1586 operibus.
1731 1555 1757 1579 et

127 1597 228 1632 κρίνειν
247 1598 350 1625 ἐκεῖθεν
371 1599 488 1635 εἰληφώς
509 1599 592 1626 ἐστιν.
613 1594 698 1630 Οὗτός
719 1599 794 1625 ἐστιν
815 1598 897 1634 Ἰησοῐ

986 1597 1092 1625 eritatis
1113 1597 1269 1632 cognitione
1292 1596 1364 1624 coli:
1381 1601 1408 1624 et
1431 1600 1542 1631 peccata
1562 1597 1687 1632 quidem,
1710 1605 1756 1632 per

124 1641 140 1667 ὁ
155 1642 282 1677 Χριστὸς,
299 1643 338 1675 ὃς,
353 1643 386 1670 δι’
398 1643 485 1679 ἔργων
500 1643 660 1681 θεοπρεπῶν
672 1643 739 1676 Θεὸς
749 1643 852 1675 τέλειος
866 1652 894 1671 κε

985 1643 1150 1678 ςηοηηιίιιιη
1165 1643 1306 1678 hucusque
1328 1649 1344 1669 a
1359 1643 1438 1670 nobis
1462 1643 1609 1670 commissa
1622 1651 1684 1670 eum
1701 1643 1755 1671 diss

123 1686 230 1719 τέλειος
242 1687 393 1724 ἄνθρωπος,
415 1688 484 1725 πλὴν
499 1689 651 1725 ἁμαρτίας,
674 1689 830 1724 ἀναφανεὶς,
847 1689 893 1716 ὑπέ

988 1689 1108 1721 imulare,
1133 1692 1216 1724 atque
1238 1689 1389 1720 remittere,
1407 1689 1441 1716 de
1461 1693 1560 1716 caetero
1584 1694 1674 1717 autem
1690 1690 1758 1717 resi-

123 1732 253 1760 ἀπάντων
274 1734 457 1770 ἐσταῠρωται,
478 1735 526 1762 καὶ⁸
548 1735 581 1762 ἐκ
605 1735 710 1770 νεκρῶν
729 1735 844 1771 ἀνέστη,
871 1744 893 1763 κε

991 1734 1141 1768 iscendum,
1154 1738 1182 1762 et
1196 1735 1286 1762 verbis
1301 1734 1363 1762 ﬁdei
1379 1734 1531 1762 cedendum
1548 1742 1620 1763 esse.
1637 1735 1677 1763 Ac
1687 1735 1761 1770 judi-

123 1779 235 1806 πάντων
254 1779 388 1815 δρώντων,
409 1780 477 1816 πρὸς
503 1780 549 1807 τὸν
570 1781 669 1807 οἰκεῖον
692 1781 803 1816 Πατέρα
822 1781 893 1809 ἀνελι

987 1781 1047 1808 undi
1068 1788 1177 1816 quoque
1190 1788 1251 1808 eum
1270 1783 1433 1816 potestatem
1457 1784 1600 1817 propterea
1621 1782 1757 1817 recepisse

124 1825 179 1861 φθη
204 1825 251 1852 τὸν
271 1826 326 1852 τῶν
348 1826 416 1853 ὅλων
442 1826 518 1853 Θεόν.
543 1824 598 1853 Καὶ
622 1827 678 1853 τισὶ
698 1826 747 1862 μέν
770 1827 894 1854 ἀνάστασι

988 1827 1046 1859 icit,
1067 1826 1157 1862 ipsum
1179 1826 1286 1854 scilicet
1305 1825 1399 1854 Jesum
1417 1826 1571 1860 Christum,
1593 1827 1640 1863 qui
1656 1827 1756 1856 divinis

125 1872 261 1907 ἀκηκοόσι·
282 1873 365 1909 χλεύη
387 1873 418 1900 τὸ
437 1874 551 1910 πρᾶγμα
571 1873 674 1901 ἐδόκει·
695 1874 767 1905 τινὲς
790 1874 818 1901 δέ
844 1875 894 1901 αὐτ

987 1880 1082 1901 rorsus
1105 1873 1185 1901 factis
1203 1877 1230 1901 et
1257 1873 1387 1908 operibus
1408 1873 1481 1902 Deus
1505 1874 1643 1910 perfectus
1672 1875 1756 1911 (citra

123 1918 268 1951 πείσαντες
291 1919 408 1949 εἵποντο.
423 1919 482 1955 μεθ’
492 1915 530 1946 ὧν
550 1919 595 1946 καὶ
605 1920 620 1946 ὁ
639 1919 846 1956 Ἀρειοπαγίτης
859 1920 893 1946 Διι

985 1927 1058 1947 tmen
1078 1918 1236 1955 peccatum)
1263 1919 1345 1946 h0mo
1372 1919 1528 1948 declaratus
1552 1928 1602 1956 pro
1628 1921 1755 1949 omnibus

121 1963 214 1996 νύσιος
227 1963 271 2000 ἧν,
287 1963 327 1997 εἷς
347 1965 386 1992 ὣν
397 1965 452 1992 τῶν
466 1965 556 2000 σοφῶν
582 1965 693 1993 ἐκείνων
712 1966 758 1993 καὶ
782 1966 891 2001 ἐκκρίτυ

985 1965 1116 1994 ruciﬂxus
1133 1965 1179 1997 sit,
1195 1969 1222 1993 et
1237 1973 1252 1992 a
1267 1965 1383 1993 mortuis
1404 1967 1553 1994 resurrexit
1574 1967 1755 2002 omnibusque

123 2010 242 2046 ἀνδρῶν.
928 2005 950 2034 C
967 2012 1154 2047 spectantibus
1177 2011 1211 2039 ad
1233 2019 1312 2039 suum
1334 2012 1362 2038 in
1385 2012 1483 2040 ccelum
1508 2013 1620 2041 redierit
1634 2013 1756 2047 Patrem,

121 2064 216 2084 rerum
231 2057 421 2084 universarum
434 2056 529 2085 Deum.
542 2057 711 2091 Quibusdam
728 2057 830 2092 itaque,
843 2058 915 2093 quod
933 2057 1164 2085 resurrectionem
1186 2056 1221 2084 ab
1248 2064 1281 2084 eo
1311 2056 1447 2089 audirent,
1468 2065 1512 2085 res
1531 2061 1587 2085 tota
1606 2058 1755 2086 ludibrium

119 2101 255 2131 etfabnla
271 2102 388 2130 videtur.
402 2102 517 2136 Quidam
539 2108 642 2136 autem,
660 2103 753 2131 verbis
779 2103 839 2138 ejus
870 2102 1028 2137 credentes,
1065 2110 1127 2129 eum
1168 2105 1318 2130 sectantur.
1355 2101 1382 2128 In
1413 2102 1514 2138 quibus
1548 2106 1575 2130 et
1607 2101 1755 2139 Dionysius

122 2149 288 2184 Arcopagita
308 2149 353 2177 ille
376 2149 442 2182 fuit,
463 2157 536 2178 unus
558 2159 592 2178 ex
615 2151 789 2186 sapientibus
813 2151 867 2179 illis
889 2155 917 2180 et
932 2150 1048 2178 delectis
1063 2150 1139 2178 viris.

165 2194 225 2221 Ἐπὶ
244 2195 320 2222 τόσον
336 2195 365 2223 δὲ
381 2197 455 2233 αὐτῷ
471 2198 505 2225 τὰ
520 2198 569 2234 τῆς
584 2198 710 2231 πίστεως,
726 2199 764 2231 ὡς
780 2199 817 2235 μὴ
832 2199 912 2235 μόνον

1001 2196 1088 2225 Tanta
1099 2202 1188 2225 autem
1200 2197 1250 2224 fuit
1260 2198 1287 2224 in
1297 2196 1434 2225 Christum
1446 2196 1507 2226 ﬁde.
1520 2201 1549 2223 ut
1560 2204 1614 2223 non
1626 2197 1705 2224 modo
1713 2197 1753 2225 di«

120 2240 170 2268 τοῦ
194 2241 266 2268 θείου
289 2242 489 2278 καταξιωθῆναι
508 2243 632 2280 λουτροῦ,
655 2245 723 2272 ἀλλὰ
739 2245 786 2272 καὶ
800 2245 843 2272 διὰ
857 2254 887 2280 χε

984 2252 1035 2272 nus
1056 2244 1148 2271 divino
1167 2243 1276 2270 lavacro
1294 2247 1377 2275 esset,
1401 2242 1448 2271 sed
1467 2241 1550 2269 etiam
1572 2241 1658 2277 ipsius
1677 2242 1752 2271 Pauli

122 2287 179 2324 ρῶν
214 2288 321 2314 Παύλου
359 2289 477 2324 Ἀθηνῶν
506 2292 728 2327 προχειρισθῆναι
754 2292 892 2318 ἐπίσκοποι

982 2290 1092 2318 mnibus
1117 2289 1323 2317 Atheniensium
1353 2288 1565 2316 constitueretur
1595 2289 1752 2324 episcopus,

121 2333 171 2359 καὶ
193 2332 337 2368 ὑπερφυῶν
358 2334 534 2369 χαρισμάτων
553 2334 710 2370 ἀξιωθῆναι,
731 2335 779 2362 καὶ
793 2335 833 2371 τῷ
848 2335 891 2362 θείη

983 2337 1088 2364 iiriiicis
1101 2343 1214 2371 prorsus
1229 2340 1310 2370 atque
1326 2335 1425 2362 divinis
1440 2335 1651 2364 charismatibus
1663 2339 1689 2362 et
1702 2335 1753 2363 do-

121 2377 300 2411 συγγενέσθαι
320 2377 452 2413 Ὶεροθέῳ,
463 2376 504 2410 οἷς
513 2379 527 2405 ὁ
540 2379 643 2412 Παῦλος
651 2380 702 2407 ὅσα
715 2380 762 2420 καὶ
773 2379 891 2406 συνείσατ

982 2382 1010 2409 iis
1024 2381 1148 2417 polleret,
1165 2381 1270 2409 viveret
1287 2381 1368 2408 etiam
1394 2381 1555 2409 familiarius
1579 2389 1641 2409 cum
1660 2382 1752 2410 divino

119 2424 163 2454 εἰς
176 2423 222 2450 τὺν
236 2423 326 2459 τρίτον
335 2424 430 2460 ἀρθεὶς
444 2425 555 2461 οὐρανὸν
569 2427 616 2453 καὶ
627 2428 666 2459 είς
678 2427 724 2455 τὸν
740 2428 889 2464 παράδεισοπ

983 2429 1024 2456 iro
1041 2428 1187 2456 Hicrotheo
1202 2436 1208 2453 :
1224 2435 1339 2462 quorum
1356 2428 1463 2463 utrique
1482 2435 1527 2455 res
1544 2435 1665 2455 summas
1683 2427 1752 2456 Pau-

119 2469 329 2500 κατεπίστευσε,
350 2471 413 2506 περί
423 2480 452 2497 τε
463 2471 511 2507 τῆς
526 2472 662 2507 θεολογίας
676 2474 722 2500 καὶ
733 2474 855 2510 περὶτῆς
869 2483 889 2501 οι

980 2482 1017 2507 us,
1034 2478 1064 2501 ut
1083 2481 1130 2502 eas
1151 2474 1179 2500 in
1201 2473 1310 2500 tertium
1329 2480 1415 2508 usque
1431 2474 1530 2501 cadum
1550 2477 1576 2501 et
1595 2474 1750 2509 paradisum

119 2515 216 2551 ρανίου
233 2516 375 2552 ἱεραρχίας
389 2526 418 2543 τε
434 2518 480 2544 καὶ
495 2518 709 2555 διακοσμήσεως,
724 2519 742 2546 ἃ.
758 2520 787 2551 ἐς
801 2520 889 2556 ὕστερι

983 2528 1054 2548 )sum
1068 2523 1163 2555 raptus
1179 2519 1322 2550 didicerat.
1345 2520 1523 2552 concredidit,
1545 2524 1571 2547 et
1593 2520 1626 2548 de
1647 2520 1753 2548 theolo-

118 2561 170 2588 καὶ
184 2563 276 2597 γραφῇ
291 2562 436 2598 παρεδόθη.
453 2563 589 2595 Διονύσιος
600 2564 637 2597 δὲ,
655 2565 701 2591 τὸν
719 2564 797 2599 λόγον
809 2566 858 2601 τῆς
869 2574 888 2592 El

979 2565 1017 2596 ia,
1033 2564 1136 2600 Deique
1155 2564 1230 2592 verbi
1248 2565 1355 2592 ratione
1376 2564 1488 2596 scilicet,
1506 2572 1556 2592 nec
1575 2572 1630 2591 non
1647 2564 1749 2592 calesti

119 2607 231 2639 σεὸείας
257 2608 391 2644 λαμπρῶς
415 2610 694 2645 παρρησιασάμενος,
728 2611 775 2638 ἐπὶ
807 2611 889 2638 πολλο¹

979 2610 1119 2638 ιίοτστειιίει
1137 2617 1282 2644 rerumque
1303 2610 1457 2638 caelestium
1473 2609 1674 2637 absolutissima
1692 2609 1749 2637 dis-

117 2653 195 2680 ἔτεσι
217 2653 286 2680 κατὰ
306 2654 355 2690 τὴν
375 2653 494 2687 ἑσπέραν
509 2654 622 2688 δοξάσας
646 2656 771 2692 Χριστὸν,
789 2657 829 2688 είς
843 2656 887 2692 βαι

979 2656 1098 2684 ιοδὶιίοιιο
1118 2659 1200 2691 atque
1215 2655 1397 2688 ordinatione,
1418 2663 1486 2690 quas
1501 2663 1544 2683 res
1559 2659 1652 2690 postea
1668 2655 1749 2682 etiam

116 2698 211 2734 γῆρας
235 2699 321 2734 ἥκων,
351 2699 398 2725 καὶ
417 2699 455 2735 τῷ
474 2699 544 2734 ὑπὲρ
565 2699 647 2726 αὑτοῦ
671 2695 812 2735 μαρτυρίῳ
829 2708 886 2726 κατι

979 2709 990 2728 ιι
1003 2701 1105 2736 scripta
1123 2701 1225 2729 retulit.
1239 2700 1385 2736 Dionysius
1406 2709 1497 2736 porro,
1510 2700 1621 2727 verhum
1642 2700 1749 2734 pietatis

117 2743 257 2780 κοσμήθη.
272 2745 340 2771 Φασὶ
356 2744 386 2771 δὲ
408 2745 500 2777 αὑτὸν,
516 2745 566 2780 τὴν
582 2745 669 2780 κάραν
686 2744 757 2780 ξίφει
775 2745 885 2772 διακοπε

979 2747 1073 2782 erique
1093 2747 1184 2775 cultus
1204 2747 1346 2782 magniﬁce
1365 2747 1546 2782 praedicando,
1565 2753 1662 2780 magna
1681 2753 1749 2774 usus

118 2799 172 2816 crav
203 2789 254 2817 ἀνὰ
284 2791 377 2826 χεῖρας
401 2791 526 2823 λαῦόντα,
554 2790 601 2818 ἐπὶ
623 2790 697 2826 μίλια
718 2791 764 2817 δύο
785 2790 888 2818 ὁδεῦσαι

979 2798 1004 2821 st
1017 2793 1152 2825 libertate,
1167 2793 1320 2827 multosque
1340 2800 1426 2819 annos
1441 2793 1468 2819 in
1484 2791 1607 2827 partibus
1621 2790 1748 2819 occiden-

117 2837 211 2863 ἐκεῖσε
223 2836 252 2863 δὲ
265 2837 373 2871 γυναικὶ
388 2837 543 2872 ἐντυχόντα,
558 2836 727 2874 παραθέσθαι
746 2837 846 2872 ταύτην
862 2837 887 2863 αι

978 2838 1063 2865 alibus
1087 2838 1226 2865 Christum
1246 2837 1412 2873 gloriﬁcans,
1433 2836 1466 2863 ad
1489 2836 1601 2863 multam
1625 2835 1748 2870 pervenit

118 2883 166 2919 τῇ.
185 2883 255 2910 Ὅσα
271 2892 302 2918 γε
321 2883 373 2920 μὴν
389 2883 576 2920 συνεγράψατο
598 2884 709 2920 θεωρίᾳ,
733 2883 779 2911 καὶ
794 2884 888 2919 νοήμα‹

974 2887 1142 2911 senectutem.
1160 2888 1186 2912 et
1202 2891 1251 2918 pro
1271 2883 1332 2918 ipso
1352 2882 1473 2918 martyrii
1493 2889 1594 2910 corona
1609 2886 1650 2909 est
1664 2881 1744 2909 coho-
