1950 3065
114 137 156 165 6Π

588 134 677 168 VITA,
695 127 857 161 AUCTORE
875 131 1048 160 MlCllAELE
1067 130 1234 159 SYNGELO.

1673 134 1723 161 Mb

268 295 816 403 ΜΙΧΑΗΑ
871 296 1563 402 ΣΥΓΓΕΛΟΥ

666 443 914 470 ΠΡΕΣΒΥΤΕΡΟΥ
932 443 1174 470 ΙΕΡΟΣΟΛΥΜΩΝ

384 526 676 570 ΕΓΚΩΜΙΟΝ
707 525 793 568 ΕΙΣ
815 526 927 567 TON
950 525 1117 568 ΑΓΙΟΝ
1145 522 1442 568 ΔΙΟΝΥΣΙΟΝ

425 703 939 784 MICHAELIS
992 703 1410 782 SYNGELI

643 841 859 869 PRESBYTERI
877 838 1193 868 HIEROSOLYMITANI

277 930 602 977 ENCOMIUM
641 928 815 974 ΒΕΑΤί
855 927 1138 974 DIONYSII
1176 927 1583 975 AREOPAGlT/E

114 1034 167 1060 Per
181 1028 336 1061 Basilinm
351 1027 534 1060 Millanium
558 1025 736 1057 Casinatem
766 1024 955 1055 monachum
967 1023 1146 1064 Latinitate
1162 1023 1314 1055 donatum
1331 1027 1426 1064 atque
1442 1025 1481 1056 ab
1503 1026 1617 1057 eodem
1632 1027 1723 1059 Petro

570 1064 734 1095 Lansseiio
755 1064 902 1103 pluribus
915 1063 948 1093 in
967 1063 1047 1094 locis
1062 1063 1261 1107 castigatum.

143 1217 273 1254 θὺρανίαν
295 1216 378 1246 ὅντως
400 1215 446 1241 καὶ
466 1214 539 1241 θείαν
556 1214 608 1241 ἔδει
626 1215 751 1250 παρεῖναι
768 1214 890 1249 γλῶτταν

978 1211 1062 1248 359
1072 1211 1216 1239 lecslem
1232 1219 1346 1246 prorsus
1363 1217 1445 1248 atque
1456 1213 1575 1242 divinam
1594 1216 1725 1252 linguam,

107 1264 159 1290 τῶν
174 1263 350 1298 θεοπέμπτων
367 1262 413 1288 καὶ
424 1261 544 1297 πυρίνων
558 1260 685 1295 γλωττῶν
700 1260 820 1293 ἐκείνων,
836 1259 890 1287 οἶαι

107 1311 161 1342 τοῖς
174 1309 321 1340 αὑτόπταις
335 1307 381 1334 τοῦ
393 1307 471 1342 λόγου
493 1306 540 1332 καὶ
559 1306 707 1342 ὑπηρέταις
719 1306 891 1341 διανενέμην-

106 1365 160 1388 ται,
179 1356 226 1382 καὶ
241 1356 331 1390 φωνὴν
348 1352 504 1388 ἀγγελικὴν,
521 1351 560 1387 τῷ
577 1349 757 1387 ἐγκωμιάζειν
775 1351 892 1377 ἐθέλοντι

105 1402 240 1429 Διονύσιον
254 1401 305 1433 σὺν
326 1400 501 1435 θεοφάντορα,
520 1398 565 1424 τὸν
585 1398 635 1433 τῆς
649 1397 736 1424 πάντα
753 1397 891 1434 θεωμένης

106 1451 152 1476 καὶ
169 1448 315 1483 ἀγαθότητι
330 1445 454 1473 παντελεῖ
471 1444 558 1470 πάντα
574 1443 752 1480 περιθεούσης
767 1444 814 1470 καὶ
831 1453 891 1471 συν-

105 1495 219 1530 ἐχούσης
247 1493 387 1528 Θεότητος,
407 1490 456 1526 τῆς
477 1490 505 1516 ἐν
520 1491 552 1525 τῇ
568 1489 720 1524 ὐπερουσίῳ
739 1489 786 1515 καὶ
806 1489 890 1524 ὑπερ-

106 1542 170 1577 θέῳ,
185 1541 231 1568 καὶ
249 1538 415 1575 ὑπεραγάθῳ
427 1536 521 1572 Τριάδι
534 1534 771 1571 προσκυνουμένης
785 1536 832 1562 καὶ
844 1535 891 1562 λα-

104 1587 271 1624 τρευημένης
286 1585 438 1621 ὑμνήτορα’
459 1583 503 1609 τὸν
520 1582 574 1609 τῶν
595 1581 751 1617 θεωνυμιῶν
776 1582 822 1608 καὶ
837 1581 891 1608 τῶν

104 1632 269 1668 ἀπορρήτων
285 1630 382 1657 θεῖκῶν
403 1628 557 1664 μυστηρίων
574 1625 768 1661 θεολογὼτατον
785 1627 890 1662 ὑφηγη-

103 1686 188 1714 τορα·
205 1677 250 1703 τὸν
263 1676 312 1710 τῆς
323 1675 448 1710 οὐρανίας
464 1672 603 1709 ἱεραρχίας
619 1672 762 1708 ἐξηγητὴν,
779 1673 824 1698 καὶ
837 1672 891 1699 τῶν

103 1722 236 1760 οὐρανίων
248 1720 347 1757 νοερῶν
358 1719 566 1755 στρατευμάτων
575 1717 717 1753 ἐπαινέτην
731 1717 778 1744 καὶ
802 1715 893 1742 διακο-

104 1769 239 1805 σμήτορα,
260 1767 305 1794 καὶ
333 1766 378 1793 τδν
403 1765 456 1791 τῶν
483 1763 715 1799 ἐκκλησιαπικῶν
745 1763 892 1798 διακοσμή-

105 1823 186 1845 σεων,
203 1812 363 1849 ἱεραρχικῆς
381 1820 410 1838 τε
431 1811 478 1837 καὶ
493 1811 672 1846 προηγεσίας,
693 1810 739 1837 καὶ
763 1810 893 1846 ἱερατελευ

104 1860 193 1892 στίας,
205 1860 252 1886 καὶ
261 1857 445 1893 τελεταρχίας,
463 1856 509 1882 καὶ
518 1856 607 1891 πάσης
617 1856 785 1891 Χριστιανῶν
800 1856 891 1882 θεοσο-

942 1265 1056 1292 eamque
1069 1265 1102 1283 ex
1117 1257 1172 1283 illis
1188 1264 1248 1292 quae
1264 1258 1349 1292 ignea:
1363 1266 1395 1286 ac
1413 1260 1521 1289 caelitus
1537 1268 1552 1287 a
1566 1261 1622 1289 Deo
1637 1264 1725 1292 missa,

941 1303 1017 1330 fuere
1031 1302 1184 1337 cujusmodi
1198 1302 1260 1330 Filii
1273 1303 1321 1331 Dei
1334 1306 1537 1339 spectatoribus
1552 1314 1584 1334 ac
1592 1309 1726 1338 ministris

941 1349 1091 1384 dispertitm
1106 1353 1180 1382 sunt,
1204 1353 1230 1376 et
1245 1350 1394 1384 angelicam
1413 1359 1506 1379 vocem
1528 1358 1673 1388 suppetere
1689 1355 1726 1384 illi

941 1400 1087 1431 oporteret,
1104 1395 1150 1430 qui
1162 1394 1195 1422 de
1209 1395 1309 1423 divinis
1320 1397 1454 1431 pmconis
1465 1397 1586 1434 Dionysii
1603 1400 1726 1430 laudibus

941 1443 976 1469 sit
997 1441 1123 1469 dicturus
1141 1452 1147 1468 :
1170 1442 1217 1476 qui
1233 1443 1324 1470 omnia
1339 1444 1506 1477 contuentis,
1527 1445 1728 1483 singularisque

942 1495 990 1515 seu
1005 1487 1205 1522 perfectissima
1216 1488 1382 1523 benignitate
1393 1489 1496 1517 circum
1511 1492 1602 1519 omnia
1614 1500 1724 1521 cursan-

942 1533 979 1560 tis
995 1540 1027 1560 ac
1037 1533 1203 1561 continentis
1219 1533 1381 1567 divinitatis,
1397 1542 1458 1570 qua:
1467 1535 1495 1562 in
1512 1535 1655 1570 Trinitate,
1667 1547 1728 1573 quae

941 1587 1049 1607 summa
1063 1579 1193 1607 divinitas
1207 1582 1260 1612 est,
1279 1587 1393 1615 quaque
1417 1581 1597 1609 substantiam
1619 1591 1728 1612 onmem

942 1633 975 1653 ac
991 1625 1141 1654 bonitatem
1154 1626 1302 1659 antecellit,
1320 1626 1451 1654 adoratur
1471 1632 1498 1655 et
1510 1628 1618 1661 colitur,
1635 1630 1728 1658 lauda-

941 1676 986 1699 tor
996 1671 1058 1700 fuit.
1074 1671 1127 1705 Qui
1139 1671 1185 1699 Dei
1201 1673 1411 1707 appellationum
1425 1678 1452 1701 et
1467 1674 1641 1702 ineﬂ'abilium
1658 1676 1729 1704 divi-

941 1726 1040 1746 norum
1055 1718 1249 1754 mysteriorum
1266 1719 1497 1753 sapientissimum
1520 1722 1573 1757 egit
1597 1722 1729 1758 interpre-

941 1769 1015 1799 tem;
1032 1764 1078 1800 qui
1100 1764 1133 1792 de
1152 1771 1232 1792 sacro
1248 1765 1351 1792 cmlesti
1373 1767 1527 1801 principatu
1542 1768 1682 1802 disseruit,
1698 1777 1730 1797 ac

942 1811 1050 1838 divinas
1071 1810 1193 1837 cmlestis
1218 1810 1322 1837 militia
1339 1815 1443 1839 mentes
1467 1813 1582 1841 summis
1604 1814 1730 1842 laudibus

942 1855 1094 1884 exornavit.
1110 1855 1162 1888 Qui
1185 1855 1441 1884 Ecclesiasticorum
1457 1858 1583 1886 ordinum
1604 1861 1731 1896 sacrique

103 1905 171 1939 φίας
185 1905 231 1930 καὶ
247 1903 410 1939 ὼραιότητος
422 1901 524 1937 μύστην
539 1898 586 1927 καί
598 1901 775 1936 μυσταγωγὸν
788 1901 833 1928 καὶ
845 1901 892 1927 ὲκ-

943 1901 1129 1937 magistratus,
1147 1906 1174 1929 et
1186 1909 1248 1929 cum
1266 1902 1350 1930 divini
1371 1903 1508 1936 sacriﬁcii,
1524 1908 1581 1932 tum
1603 1913 1731 1935 caeremo-

103 1951 244 1986 φάντορα·
269 1949 315 1976 τὸν
338 1948 382 1975 διὰ
408 1947 581 1984 καθαρότητα
611 1947 678 1982 βίου,
698 1948 743 1974 καὶ
768 1947 895 1979 παντοίας

102 1996 209 2032 ἀρετῆς
226 1995 389 2029 τελειότητα,
404 1995 471 2030 πρὸς
491 1995 598 2021 Παύλου
619 1994 665 2020 τοῦ
685 1994 827 2020 θεσπεσίου
840 1993 895 2020 τῶν

102 2043 243 2079 ὀφθέντων
258 2042 331 2077 αὑτῷ
351 2042 396 2068 καὶ
414 2041 597 2077 ἐνηχηθὲντων
615 2041 655 2072 εἰς
673 2040 762 2076 τρίτον
782 2040 895 2076 οὐρανὸν

101 2089 257 2126 ἀρπαγέντι
273 2088 416 2124 θεαμάτων
439 2088 485 2114 καὶ
509 2087 688 2122 ἀκουσμάτων
709 2088 895 2122 ἐμπεπιστευ-

104 2137 189 2173 μένον
205 2135 254 2170 τὴν
269 2134 383 2171 μύησιν·
399 2134 444 2160 τὸν
457 2133 503 2160 τοῦ
520 2132 697 2161 ἀποστολικοῦ
717 2132 796 2169 χοροῦ
813 2141 894 2168 συνη-

101 2180 237 2216 λικιώτην
253 2181 299 2206 καὶ
318 2179 470 2214 συνόμιλον,
485 2179 532 2205 κα)⁸
547 2178 618 2205 κατὰ
634 2178 696 2209 τοὺς
717 2179 805 2213 ἱεροὺς
821 2177 895 2212 ἀγῶ-

101 2237 156 2259 νας
175 2226 336 2262 ἐφάμιλλον·
352 2226 397 2251 τὸν
415 2226 443 2251 ἐν
462 2225 601 2260 ἱερὰρχαις
619 2224 829 2260 πανιερώτατον,
850 2224 896 2251 καὶ

101 2276 134 2301 ὲν
154 2274 271 2309 μάρτυσι
288 2272 488 2307 λαμπρότατον,
508 2272 554 2298 καὶ
570 2273 598 2298 ἐν
615 2271 748 2306 θεολόγοις
761 2271 895 2306 θεοσοιρώ-

100 2328 200 2350 τατον,
223 2319 270 2345 καὶ
285 2319 314 2344 ἐν
328 2317 762 2356 διδασκάλοις..φωτιστικώτατον.
772 2317 861 2349 Ὅθεν,
873 2315 897 2345 ὦ

101 2366 180 2392 Οεῖον
211 2364 369 2400 ἱεράτευμα,
397 2364 444 2389 καὶ
472 2363 546 2394 ἔθνος
573 2363 660 2397 ἆγιον,
678 2363 725 2389 καὶ
757 2361 896 2388 θεόλεκτον

101 2412 246 2446 σύστημα,
259 2410 363 2436 δέδοικα
385 2409 421 2445 μὴ
438 2411 494 2440 τοῖς
508 2409 553 2435 τοῦ
571 2409 690 2435 τοιούτου
704 2408 821 2444 μεγάλου
838 2416 896 2442 φω-

100 2458 208 2493 στῆρος
216 2455 347 2491 ἐγχειρῶν
362 2455 517 2490 ἐγκωμίοις,
528 2454 643 2489 θράσους
655 2454 763 2490 γραφὴν
781 2454 896 2487 ἀπενέγ-

99 2511 216 2540 κωμαι’
226 2502 285 2529 οὐδὲ
298 2502 351 2538 γὰρ
367 2501 410 2533 ἂν,
426 2501 450 2527 εἰ
467 2501 550 2527 πᾶσαι
564 2499 713 2527 συνέλθοιεν
724 2500 790 2536 ὁμοῦ
802 2500 830 2526 αἱ
841 2499 895 2526 τῶν

98 2550 218 2579 πώποτε
235 2548 384 2583 γεγονότων
399 2547 518 2582 ρητόρων
529 2545 696 2580 εὐγλωττὶαι,
711 2545 834 2572 δύναιντο
847 2545 895 2580 τῆς

945 1948 1052 1974 uiarum
1076 1955 1108 1974 ac
1128 1947 1218 1975 omnis
1237 1947 1334 1975 divinae
1354 1948 1572 1978 Christianorum
1591 1952 1732 1987 sapientiae

945 1996 1027 2027 atque
1038 1992 1146 2021 decoris
1155 1993 1262 2026 doctor,
1274 1993 1330 2020 dux
1339 1995 1531 2029 etexplanator
1545 1996 1605 2023 fuit.
1620 1996 1672 2030 Qui
1685 2005 1732 2032 pu-

945 2040 1026 2066 ritate
1043 2039 1102 2066 vita:
1114 2047 1146 2067 ac
1160 2040 1311 2075 omnigenae
1326 2040 1436 2068 virtutis
1446 2042 1607 2070 excellentia
1619 2051 1732 2071 concre-

945 2085 1032 2113 ditum
1046 2085 1098 2113 sibi
1113 2092 1128 2112 a
1144 2084 1208 2113 divo
1224 2085 1310 2113 Paulo
1324 2087 1484 2122 mysterium
1499 2095 1604 2121 eorum,
1626 2096 1686 2123 quae
1703 2089 1731 2115 in

944 2132 1055 2159 tertium
1067 2132 1125 2166 ipse
1140 2132 1239 2159 coelum
1251 2135 1346 2167 raptus
1355 2133 1469 2166 viderat,
1486 2141 1518 2161 ac
1531 2134 1672 2162 audiverat
1686 2142 1733 2162 ac-

945 2179 1025 2213 cepit.
1035 2177 1085 2211 Qui
1098 2179 1284 2213 apostolorum
1292 2179 1375 2207 cmtui
1384 2183 1505 2216 tempore
1517 2181 1641 2216 aequalis,
1653 2181 1733 2208 fami-

945 2224 1194 2258 liaritatejunctus,
1204 2228 1285 2259 atque
1300 2225 1327 2251 in
1337 2224 1423 2252 sacris
1432 2225 1627 2254 certaminibus
1638 2227 1732 2254 socius

945 2273 971 2298 et
987 2271 1134 2297 auxiliator
1149 2270 1218 2304 fuit;
1231 2270 1277 2305 qui
1296 2271 1367 2297 inter
1376 2271 1506 2305 praesules
1517 2273 1732 2304 sacratissimus,

945 2317 1016 2343 inter
1033 2321 1168 2351 martyres
1183 2316 1369 2347 clarissimus,
1384 2315 1538 2344 divinarum
1555 2325 1647 2344 rerum
1663 2318 1733 2346 inter

945 2362 1087 2397 theologos
1101 2362 1325 2393 callentissimus,
1340 2363 1485 2397 magistros
1498 2370 1592 2391 omnes
1603 2363 1734 2392 doctrina:

946 2409 1108 2437 claritudine
1131 2409 1281 2444 superavit.
1312 2407 1446 2441 Quocirca
1473 2417 1552 2437 sacer
1577 2409 1732 2442 confessus,

944 2461 1012 2489 gens
1026 2457 1132 2486 sancta,
1145 2453 1241 2481 concio
1252 2453 1308 2481 Deo
1315 2453 1417 2486 dicata,
1430 2461 1526 2481 vereor
1537 2462 1571 2482 ne
1583 2456 1674 2491 magni
1683 2456 1734 2483 hu-

943 2500 1022 2534 jusce
1042 2499 1154 2527 luminis
1174 2499 1269 2528 laudes
1284 2499 1376 2527 dicere
1391 2507 1552 2536 aggressus,
1572 2502 1734 2530 temeritatis

945 2546 1049 2573 crimen
1068 2546 1218 2574 incurram.
1239 2546 1323 2582 360
1334 2545 1427 2582 Neque
1444 2547 1515 2574 enim
1532 2547 1555 2575 si
1571 2548 1660 2576 omnis
1675 2556 1735 2576 om-

97 2597 259 2634 ἀκρότητος
274 2594 414 2629 ἐφικέσθαι
427 2592 481 2619 τῶν
496 2593 554 2619 κατ’
573 2591 648 2625 ἀξίαν
660 2592 777 2617 ἐπαίνων
791 2591 837 2617 τοῦ
850 2591 894 2617 εὑ-

947 2591 1023 2618 nium
1041 2596 1177 2627 quotquot
1193 2600 1313 2627 unquam
1334 2593 1410 2621 fuere
1431 2593 1570 2620 rhetorum
1585 2595 1626 2622 vis
1645 2601 1677 2622 ac
1691 2595 1732 2622 di-

98 2651 143 2677 φη
150 2640 284 2677 μουμένου
301 2638 496 2674 θεορῤήμονος·
514 2637 549 2672 μή
564 2637 590 2662 τί
606 2644 638 2670 γε
653 2635 683 2662 τὸ
697 2636 747 2671 τῆς
759 2636 827 2671 ἐμῆς
839 2636 896 2662 δια-

97 2687 183 2718 νοίας
195 2687 258 2721 περὶ
271 2685 334 2715 τοὺς
347 2683 442 2717 λόγους
456 2682 579 2718 ἀδρανὲς.
599 2681 666 2707 Ἀλλ’
676 2679 722 2708 οὖν
738 2682 770 2716 τῇ
783 2689 896 2716 προτρο-

98 2734 144 2768 πῇ
178 2732 228 2767 τῆς
256 2728 391 2766 ὑμετέρας
418 2728 527 2764 ἀγάπης
549 2729 594 2754 καὶ
609 2727 726 2758 πίστεως
748 2726 838 2759 εἴκων,
859 2725 898 2761 τῷ

97 2779 180 2814 Θεῷ,
197 2778 244 2805 καὶ
260 2777 299 2811 τῷ
315 2776 395 2811 ἁγίῳ,
408 2776 454 2802 καὶ
467 2775 532 2810 ὑμῖν
544 2774 679 2811 προσοίσω
693 2774 723 2800 τὸ
737 2773 806 2800 κατὰ
819 2773 899 2799 δύνα-

99 2832 156 2859 μιν
169 2832 175 2838 ·
195 2823 242 2849 καὶ
262 2822 316 2857 γὰρ
332 2822 356 2847 εἰ
372 2820 516 2856 ήττηθείην
538 2820 591 2846 τῶν
607 2818 796 2855 προσηκόντων
813 2818 899 2851 ἐγκω-

101 2871 181 2906 μίων
205 2871 260 2901 τοῖς
279 2868 325 2895 τοῦ
345 2867 583 2903 ὲγκωμιαζομένου
609 2866 824 2893 πλεονεκτήμασι
851 2865 898 2891 καὶ

273 2917 296 2946 -Ρ
305 2924 416 2946 Ατῐιοι.
440 2916 499 2946 Gn.
516 2915 572 2945 ιν.

948 2637 1027 2664 cendi
1047 2637 1162 2667 facultas
1177 2638 1231 2666 huc
1246 2639 1328 2667 simul
1343 2639 1462 2671 adesset,
1479 2639 1561 2674 hujus
1575 2639 1626 2666 viri
1642 2640 1734 2668 divina

946 2682 1101 2717 eloquentia
1116 2684 1232 2718 praediti,
1248 2683 1326 2718 cujus
1342 2683 1436 2711 laudes
1450 2684 1529 2712 nobis
1541 2685 1734 2719 proposuimus

947 2735 1083 2756 summam
1105 2730 1217 2757 laudum
1234 2731 1368 2766 attingere
1388 2730 1487 2759 nedum
1508 2730 1608 2765 ingenii
1630 2731 1682 2757 mei
1699 2731 1734 2757 ad

948 2774 1130 2809 eloquendum
1152 2776 1325 2804 imbecillitas
1339 2784 1388 2812 pro
1398 2776 1529 2811 dignitate
1545 2777 1654 2811 assequi
1670 2784 1735 2811 pos-

948 2824 989 2846 set
1002 2827 1009 2846 :
1021 2825 1209 2849 verumtamen
1220 2822 1296 2850 vobis
1310 2830 1412 2850 morem
1425 2830 1532 2858 gerens,
1544 2822 1592 2857 qui
1607 2830 1649 2850 me
1664 2822 1736 2859 (quae

949 2870 1040 2893 vestra
1059 2866 1180 2895 Charitas
1199 2871 1252 2901 est,
1268 2872 1296 2896 et
1309 2870 1338 2896 in
1354 2867 1437 2896 Deum
1453 2867 1533 2903 ﬁdes)
1551 2868 1584 2895 ad
1602 2869 1653 2897 hoc
1668 2869 1735 2896 lior-

1549 2915 1589 2946 20
