1950 3065
218 153 269 182 619

803 149 832 177 S.
852 148 1002 178 DlONYSll
1022 147 1253 176 AREOPAGITAS

1795 145 1846 172 εει)

217 211 325 244 tamini,
341 211 413 243 Deo;
431 219 489 238 vnro
515 213 621 242 sancto,
640 214 760 246 Itemque
779 210 860 238 vobis
874 210 1008 245 quidquid

1065 210 1249 246 προτερήμασι
1271 209 1317 236 καὶ
1332 207 1522 245 ἀριστεύμασι,
1541 207 1627 242 χαίρω
1644 206 1703 233 λίαν
1723 213 1845 241 ηττωμι-

217 262 324 293 potero,
340 257 437 285 lubens
456 257 601 292 przestabo.
622 256 688 283 Nam
711 256 734 284 si
751 263 794 283 me
809 256 911 283 laudati
929 256 1009 284 istius

217 304 268 330 viri
279 303 401 336 laudum,
414 311 475 338 qua:
490 302 528 329 illi
543 305 694 337 congruent
714 301 848 333 ubertate,
870 302 1008 337 magnitu-

217 350 281 378 dine
301 354 384 386 alque
401 349 559 386 praestantia
577 348 697 383 superari
710 348 867 383 contigerit,
880 348 951 375 vinci
965 355 1009 375 me

1061 265 1118 287 νος·
1135 256 1166 282 οὐ
1177 256 1231 291 γὰρ
1243 256 1385 290 ἐλάττωμα
1396 254 1435 289 τῷ
1451 253 1636 288 ἐπαινουμένῳ
1655 252 1685 278 τὸ
1707 252 1753 278 τοῦ
1770 254 1847 279 ἐπαι-

1061 301 1168 333 νοῦντος
1182 302 1210 328 ὲν
1220 302 1278 333 ταῖς
1285 301 1335 336 τῆς
1344 300 1566 336 ἐγκωμιαστικῆς
1576 298 1700 334 φράσεως
1707 299 1846 333 ἁρμονίαις

1061 348 1130 383 ἧττη
1135 356 1182 382 μα.

217 397 333 424 libenter
356 395 454 431 patiar.
479 394 570 429 Neque
600 394 673 421 enim
688 393 772 420 ullum
788 393 813 421 ei
829 393 876 429 qui
909 393 1036 420 laudatur
1057 393 1187 421 damnum
1221 393 1353 426 infertur,
1384 394 1408 421 si
1438 393 1486 429 qui
1516 393 1589 421 hunc
1617 393 1707 429 ipsum
1735 392 1844 420 laudat.

217 443 387 470 ornamentis
418 446 445 468 et
475 443 606 476 apparatu
637 439 766 467 laudandi
795 440 902 475 generis
927 443 1082 474 superetur.

254 492 333 520 Unde
360 491 441 526 igitur
469 489 558 517 laudis
580 488 747 524 principium
763 489 887 516 sumam?
908 488 1009 516 Rheto-

218 546 316 566 rumne
340 538 368 564 in
391 536 544 564 scribendis
558 535 685 563 laudibus
708 536 852 570 praeceptis
865 540 925 562 utar
938 535 1009 570 (quae

219 586 253 612 ab
269 585 314 616 iis,
331 591 392 618 quae
402 582 478 609 humi
494 586 602 617 repunt,
611 582 750 613 labuntur,
762 588 793 608 ac
804 581 919 609 subinde
931 581 1010 608 aliter

219 632 399 658 immutantur
412 634 440 656 et
451 629 598 660 intereunt,
614 631 643 654 ut
656 631 720 655 sunt
734 635 830 663 genus,
847 626 947 661 patria,
966 626 1009 653 di-

219 677 293 704 vitiae
313 675 408 703 mundi
425 675 518 710 hujus,
540 674 626 709 gloria
639 680 665 701 et
676 674 800 705 ambitio,
816 673 871 708 peti
889 673 1003 707 solent),

219 722 285 749 dum
295 721 369 749 illius
383 721 430 756 qui
441 720 482 747 his
498 720 627 747 omnibus
638 718 782 746 sublimior
789 722 841 750 est,
852 721 879 745 et
890 717 1012 753 qualibet

219 768 334 795 nimium
358 766 485 794 mutabili
507 766 579 792 fama
598 773 630 792 ac
651 766 771 792 humana
797 766 884 800 gloria
911 764 1010 799 major,

219 815 316 842 laudes
335 814 469 849 corrogo?
489 812 530 839 An
545 812 579 839 ab
594 812 761 847 incorruptis
785 813 875 847 potius
896 819 928 838 ac
949 819 1013 839 vere

220 862 318 893 beatis,
338 869 370 888 ac
384 868 433 896 per
445 859 545 888 saecula
560 858 701 886 duraturis
718 857 843 885 laudibus
858 858 1008 889 ordiemur,

220 916 289 944 quas
309 908 354 935 i‘lle
370 916 403 935 ex
423 915 478 943 quo
497 914 512 934 a
527 906 737 934 simulacrorum
754 904 827 931 cultu
841 904 951 936 desivit,
975 904 1010 932 ob
1025 903 1046 931 B

222 955 356 991 insignem
373 961 437 989 erga
451 953 592 980 Christum
602 958 696 978 verum
709 950 805 985 procul
822 950 906 978 dubio
924 949 1009 977 Deum

223 1001 306 1028 animi
334 999 555 1035 propensionem,
585 1004 747 1031 morumque
777 996 950 1031 probitatem,
977 1003 1010 1024 ac

223 1047 413 1082 Evangelicam
429 1046 638 1077 institutionem,
660 1051 711 1071 nec
729 1050 785 1070 non
807 1042 887 1070 lucta:
902 1042 1010 1070 labores

223 1093 326 1125 retulit,
344 1099 425 1127 quam
436 1092 508 1119 enim
518 1095 689 1118 terrenarum
700 1093 854 1124 parentum,
868 1089 915 1123 qui
929 1088 1010 1116 luteis

222 1139 305 1166 rebus
318 1146 381 1165 cum
393 1137 544 1173 primisque
557 1134 799 1171 superstitionibus
811 1134 866 1162 sint
882 1134 1009 1165 involuti,

221 1185 330 1212 natales
344 1182 379 1211 ad
393 1191 485 1211 veram
507 1183 621 1218 gloriam
638 1180 824 1209 accessionem
842 1180 881 1207 illi
898 1179 1009 1213 facient,

222 1230 270 1266 qui
285 1230 320 1257 ab
334 1230 456 1256 omnium
472 1228 546 1264 Rege
566 1228 620 1256 Deo
635 1226 781 1262 adoptione
801 1225 837 1253 sit
849 1226 947 1261 dignus
962 1226 1012 1253 ha-

224 1277 309 1308 bitus,
326 1279 353 1303 et
363 1275 392 1302 in
407 1275 534 1303 caelestes
548 1275 715 1310 Angelorum
724 1274 834 1302 ordines
849 1271 1012 1307 cooptatus?

224 1327 253 1351 et
270 1330 324 1350 una
342 1329 404 1349 cum
427 1321 474 1349 Dei
493 1321 667 1356 prmconibus
684 1320 766 1348 Petro
786 1323 813 1348 et
827 1318 913 1346 Paulo
933 1324 1012 1345 sacro

225 1369 340 1404 imperio
355 1372 382 1395 et
398 1368 546 1402 apostolica
560 1367 764 1402 pulchritudine
781 1367 817 1395 sit
831 1365 1010 1396 convestitus,

224 1415 361 1449 simdque
381 1413 540 1441 beatissima
567 1413 612 1440 illa
635 1413 775 1440 nativitate
793 1411 962 1447 progenitus,
981 1418 1013 1438 ac

224 1461 348 1497 martyrii
365 1460 451 1496 gloria
466 1458 672 1487 circumdatus?
695 1458 737 1485 An
757 1458 845 1494 patria
860 1457 938 1492 equis
954 1457 1014 1484 ovi-

226 1508 329 1543 busque
343 1506 454 1538 referta,
472 1505 586 1541 campis,
602 1505 752 1536 montibus,
782 1503 908 1536 sallibus,
935 1503 1013 1530 valli-

223 1553 331 1588 busque
347 1552 558 1580 eircummunita
578 1559 585 1577 :
602 1551 689 1587 pratis
715 1551 790 1583 item,
806 1549 966 1577 nemoribus
981 1556 1012 1576 ac

225 1599 347 1634 quolibet
357 1599 485 1626 arborum
500 1601 581 1633 atque
598 1597 754 1633 plantarum
766 1603 865 1632 genere
875 1595 1014 1630 constipa-

225 1650 272 1678 ta;
287 1649 314 1672 et
328 1644 474 1671 maritimis
484 1643 619 1678 portubus
634 1643 840 1676 circumcincta,
855 1641 1025 1674 ﬂuminibus,

225 1693 356 1724 praeterea
366 1689 498 1721 fontibus,
512 1689 617 1724 stagnis
632 1688 834 1719 circumfluens,
852 1686 1015 1723 magnitudi-

224 1743 260 1763 ne
273 1735 382 1763 demuui
395 1735 583 1768 :edificiorum,
600 1742 633 1762 ac
652 1734 855 1770 pulchritudine
878 1733 1013 1768 praedita;

224 1789 339 1818 quaeque
351 1782 476 1817 sepulcra
490 1789 596 1813 eorum,
610 1781 657 1816 qui
668 1781 736 1808 hanc
750 1780 963 1811 construxerint,
974 1779 1013 1806 uti

223 1829 398 1860 miraculum,
424 1828 651 1863 praetereuntibus
680 1827 813 1859 obtendit,
842 1826 1013 1862 splendorem

226 1875 265 1903 illi
294 1875 412 1910 aliquem
434 1874 538 1907 all'eret,
553 1874 600 1909 qui
613 1874 669 1909 jam
693 1874 729 1901 sit
751 1873 890 1901 caelestem
903 1872 1015 1900 Jerusa-

227 1922 279 1949 lem
301 1924 466 1954 assecutus;
495 1920 574 1955 cujus
602 1920 674 1946 muri
698 1927 780 1947 manu
805 1918 911 1946 Domini
934 1919 1012 1954 361

227 1967 295 2003 picti
307 1971 381 1999 sunt.
400 1967 447 1994 ubi
470 1967 591 1994 omnium
615 1965 765 1993 laetantium
777 1968 819 1994 est
833 1965 1013 1997 domicilium,

227 2013 350 2041 celebres
366 2016 518 2040 conventus
534 2011 672 2047 agentium
687 2019 783 2045 sonus,
799 2015 826 2039 et
841 2019 896 2039 una
911 2019 962 2038 vox
972 2015 1015 2039 est

230 2058 432 2086 exsultationis.
446 2057 528 2093 Atqui
537 2057 600 2085 licet
614 2057 672 2084 haec
685 2057 765 2085 nobis
777 2057 804 2084 in
819 2057 931 2084 exordio
941 2057 1015 2084 dicta

226 2106 291 2138 sint,
318 2105 449 2133 nimirum
468 2102 655 2132 beatissimum
667 2104 756 2131 virum
771 2111 856 2131 unum
868 2103 985 2138 aliquem
1000 2110 1015 2130 e

226 2151 364 2180 cmlitibus
375 2152 423 2186 qui
436 2159 470 2179 ex
484 2151 535 2178 hac
548 2150 604 2178 vita
618 2150 781 2186 migrarunt,
798 2157 859 2178 esse
871 2149 1015 2177 statuenti-

227 2198 289 2229 lius,
297 2205 353 2225 non
364 2197 469 2225 idcirco
480 2200 573 2224 tamen
583 2200 727 2231 parentum
741 2196 801 2231 ejus
812 2195 911 2231 aliquis
919 2195 1016 2222 obscu-

1097 489 1183 516 Πόθεν
1200 489 1344 526 τοιγαροῦν
1358 489 1408 526 τῆς
1421 489 1558 524 εὐφημίας
1578 489 1710 525 ἂρξομαι;
1731 489 1794 520 Τοῖς
1804 488 1847 515 θε-

1063 536 1141 570 σμοῖς
1164 534 1218 561 τῶν
1236 535 1386 571 ῥητορικῶν
1410 535 1555 570 ἐγκωμίων
1582 536 1731 570 χρήσομαι,
1740 535 1773 561 ὲκ
1791 534 1846 561 τῶν

1061 582 1146 616 χαμαὶ
1159 581 1323 616 ἐρχομένων,
1336 581 1383 608 καὶ
1393 580 1582 616 διαλυομένων,
1595 580 1642 606 καὶ
1656 580 1766 608 ἄλλοθεν
1781 580 1845 612 ἄλλῃ

1062 628 1296 662 μεταπιπτόντων.
1317 629 1363 654 καὶ
1388 627 1586 664 φθειρομένων·
1606 627 1700 662 γένους
1716 628 1787 663 φημὶ
1802 629 1848 654 καὶ

1062 679 1200 714 πατρίδος,
1229 679 1275 705 καὶ
1304 678 1429 710 πλούτου,
1458 679 1505 705 κα)⁵
1530 677 1663 713 κοσμικῆς
1684 677 1773 713 δόξης,
1801 679 1847 705 καὶ

1062 725 1220 759 φαντασίας,
1231 724 1270 760 τῷ
1285 725 1384 751 τούτων
1396 725 1523 752 ἁπάντων
1535 723 1690 759 ὑψηλοτέρῳ
1702 724 1748 750 καὶ
1762 724 1848 760 κρείτ-

1061 779 1118 797 τονι
1130 770 1224 802 κλέους
1237 770 1426 806 εὐπαροίστου,
1449 769 1495 796 καὶ
1507 769 1666 804 καυχήσεως
1677 769 1848 805 ἀνθρωπίνης

1064 817 1205 848 ὑποθέσεις
1217 816 1405 852 ὲρανιζόμενος
1416 824 1423 848 ;
1441 816 1457 852 ἢ
1476 815 1574 851 μᾶλλον
1586 815 1640 842 ἀπὸ
1649 814 1703 842 τῶν
1718 815 1848 849 ἀφθίτων,

1061 863 1108 890 καὶ
1119 863 1157 895 ὡς
1170 863 1276 898 ἀληθῶς
1293 863 1443 898 μακαρίων,
1459 862 1505 888 καὶ
1516 860 1717 893 διαιωνιζόντων
1727 861 1852 897 αὐχημά-

1059 917 1125 941 των,
1142 909 1159 937 ἃ
1173 909 1217 936 διὰ
1233 910 1283 945 τῆς
1297 910 1338 941 είς
1350 908 1465 945 Χριστὸν
1477 908 1522 934 τὸν
1535 908 1619 940 ὅντως
1635 908 1698 934 ὂντα
1714 907 1780 933 Θεὸν
1796 906 1851 934 ἀπὸ

1058 956 1108 991 τῆς
1122 955 1263 990 είδωλικῆς
1279 955 1425 991 θρησκείας
1445 954 1558 990 ἀρίστης
1579 953 1725 990 εὐτροπίας
1741 953 1788 980 καὶ
1805 953 1851 979 εὐ-

1060 1002 1208 1036 αγγελικῆς
1231 1001 1353 1036 ἀγωγῆς,
1375 1001 1421 1028 καὶ
1444 1000 1592 1036 ἀθλητικῆς
1610 1000 1728 1034 ἀγωνίας
1746 999 1850 1035 {ipa-co;

1060 1046 1092 1072 Τί
1105 1046 1160 1082 γὰρ
1173 1047 1213 1078 είς
1227 1045 1350 1072 εῦκλειαν
1365 1045 1452 1081 ἀληθῆ
1465 1046 1625 1072 συνεισοίσει
1635 1044 1794 1079 γενεαλογία
1806 1053 1853 1079 γο-

1060 1092 1127 1119 νέων
1138 1091 1298 1128 χαμερπῶν,
1311 1092 1357 1118 καὶ
1374 1091 1436 1127 περὶ
1448 1091 1497 1127 τὴν
1510 1091 1566 1118 ἰλὺν
1583 1090 1787 1126 ἰλυσπωμένων,
1804 1090 1853 1117 καὶ

1063 1138 1178 1174 μάλιστα
1187 1138 1398 1174 δεισιδαιμόνων,
1405 1137 1444 1173 τῷ
1453 1138 1502 1173 τῆς
1510 1138 1644 1169 υἱοθεσίας
1654 1137 1700 1164 τοῦ
1712 1136 1854 1172 παμϐασι-

1061 1183 1129 1216 λέως
1145 1183 1213 1210 Θεοῦ
1232 1183 1438 1219 κατηξιωμένῳ,
1454 1183 1500 1210 καὶ
1518 1185 1575 1215 τοῖς
1593 1183 1728 1219 οὐρανίοις
1741 1182 1854 1216 ἀγγελιμ

1061 1231 1119 1261 κοῖς
1139 1229 1367 1266 συνηριθμημένῳ
1385 1230 1516 1265 τάγμασι,
1532 1231 1579 1257 καὶ
1598 1231 1655 1261 τοῖς
1669 1230 1732 1257 περὶ
1748 1229 1854 1265 Πέτρον

1062 1276 1109 1302 καὶ
1129 1275 1233 1303 Παῦλον
1262 1276 1432 1312 θεοκήρυξιν,
1459 1277 1517 1312 ἃμα
1543 1277 1592 1312 τὴν
1621 1274 1779 1311 ίεραρχικὴν
1806 1276 1853 1302 καὶ

1063 1321 1241 1357 ἀποστολικὴν
1257 1323 1439 1358 περικειμένῳ
1449 1323 1622 1358 φαιδρότητα,
1640 1329 1686 1348 και
1699 1322 1748 1357 τῆς
1762 1330 1853 1356 μακα-

1064 1369 1198 1403 ριωτάτης
1221 1369 1317 1402 γενεᾶς
1341 1369 1447 1404 ἐκείνης
1468 1369 1651 1404 γεγενημένῳ,
1675 1369 1721 1396 καὶ
1744 1368 1784 1403 τῷ
1805 1368 1853 1395 τοῦ

1065 1414 1214 1449 μαρτυρίου
1232 1415 1439 1450 συνεστεμμένῳ
1450 1414 1591 1450 διαδήματι
1603 1423 1610 1447 ;
1623 1415 1659 1441 Ἣ
1670 1415 1730 1441 τίνα
1738 1423 1771 1441 πε
1776 1415 1859 1450 ριφά-

1063 1469 1136 1487 νειαν
1151 1460 1249 1497 πατρὶς
1264 1460 1413 1497 ἱππήλατος
1428 1461 1474 1487 καὶ
1490 1461 1666 1497 μηλοτρόφος,
1679 1461 1725 1488 καὶ
1739 1462 1855 1494 πεδίοις,

1063 1506 1110 1533 καὶ
1119 1505 1204 1541 ὄρεσι,
1216 1506 1262 1532 καὶ
1273 1506 1382 1537 νάπαις,
1399 1505 1445 1532 καὶ
1457 1506 1576 1542 φάραγξι
1586 1507 1856 1542 περιεστοιχισμὲνη,

1064 1550 1111 1577 καὶ
1128 1550 1252 1585 λειμῶσι,
1276 1551 1322 1577 καὶ
1341 1550 1443 1582 ἄλσεσι,
1461 1551 1508 1577 καὶ
1527 1551 1704 1583 παντοδαποῖς
1722 1551 1857 1587 δένδροις,

1065 1595 1113 1621 καὶ¹
1125 1596 1217 1629 φυτοῖς
1233 1596 1443 1631 πεπυκνωμένη,
1463 1596 1510 1622 καὶ
1527 1596 1680 1627 θαλαττίοις
1695 1596 1789 1631 λιμέσι
1805 1605 1858 1623 πε-

1067 1640 1275 1676 ρικυκλουμένη,
1291 1641 1338 1667 καὶ
1351 1642 1490 1676 ποταμοῖς,
1503 1641 1551 1667 καὶ
1567 1642 1678 1676 πηγαῖς,
1691 1642 1738 1668 καὶ
1745 1641 1860 1677 λίμναις

1065 1685 1275 1721 περιρῤεομένη,
1288 1686 1336 1712 καὶ
1351 1686 1460 1721 μεγέθει
1473 1686 1726 1722 κεκαλλωπισμένη,
1738 1688 1788 1714 καὶ
1802 1688 1860 1714 τῶν

1065 1735 1236 1770 δειμαμένων
1249 1737 1312 1768 τοὺς
1326 1736 1445 1772 τύμϐους
1464 1737 1556 1773 θαῦμα
1569 1739 1626 1770 τοῖς
1646 1738 1775 1774 παριοῦσι
1790 1748 1860 1776 προ-

1066 1781 1226 1818 ϐαλλομένη,
1242 1783 1389 1818 παρέξεται
1402 1783 1440 1818 τῷ
1453 1783 1502 1819 τὴν
1518 1783 1574 1810 ἀνω
1589 1785 1768 1823 Ἰερουσαλὴμ
1779 1785 1862 1812 πόλιν

1066 1829 1236 1865 κεκτημένῳ,
1253 1826 1287 1865 ἧς
1301 1829 1330 1856 ἐν
1344 1829 1415 1865 χειρὶ
1430 1831 1533 1866 Κυρίου
1547 1830 1581 1857 τὰ
1595 1832 1670 1867 τείχη
1691 1832 1862 1868 ἐζωγραφη-

1065 1884 1118 1907 ται,
1137 1875 1184 1902 καὶ
1199 1875 1262 1902 ἔνθα
1276 1876 1383 1903 πάντων
1393 1877 1612 1913 εὐφραινομένων
1625 1879 1641 1913 ἡ
1656 1879 1781 1905 κατοικία
1791 1877 1862 1916 ἦχός

1065 1930 1094 1948 τε
1107 1921 1298 1957 ἑορταζόντων,
1315 1922 1361 1948 καὶ
1371 1922 1445 1958 φωνὴ
1452 1923 1654 1957 ἀγαλλιάσεως;
1670 1924 1753 1960 Πλὴν,
1773 1927 1799 1952 εἰ
1811 1927 1863 1954 καὶ

1064 1968 1130 2003 ἡμῖν
1151 1969 1181 1994 ὲν
1197 1968 1350 2004 προοιμίοις
1365 1968 1443 1993 ταὺτὶ
1458 1967 1591 2001 λέλεκται,
1606 1969 1653 1996 τὸν
1669 1972 1863 2008 παμμακάρι-

1067 2022 1128 2041 στον
1143 2014 1265 2049 κρίνουσι
1286 2013 1340 2040 τῶν
1356 2013 1547 2050 ὑπερκοσμίων
1561 2013 1630 2042 εἷναί
1645 2024 1716 2050 τινα,
1739 2018 1788 2044 καὶ
1803 2018 1865 2045 τῶν

1066 2060 1166 2096 γηΐνων
1183 2060 1392 2096 ἀπῳκισμένων,
1406 2060 1462 2087 ἀλλ’
1476 2060 1537 2087 οὔτε
1557 2062 1725 2098 γεννητόρων
1741 2063 1866 2099 ἀσήμων

1065 2116 1107 2139 τις
1121 2104 1165 2142 ἦν,
1182 2106 1243 2133 οὕτε
1253 2107 1301 2142 τὴν
1314 2106 1499 2142 ἐνεγκαμένην
1516 2105 1587 2142 εἶχεν
1602 2108 1702 2144 ἀφανῆ,
1720 2108 1784 2135 οὔτε
1804 2110 1865 2145 μὴν

1065 2153 1161 2184 ἄστεος
1181 2152 1306 2184 εὐτελοῦς
1319 2152 1426 2188 ὑπῆρχε
1443 2153 1564 2189 πολίτης.
1586 2154 1668 2180 Ποῖον
1683 2154 1738 2190 γὰρ
1754 2155 1806 2191 τῆς
1823 2157 1866 2182 οἰ-

1066 2199 1202 2235 κουμένης
1216 2199 1298 2234 μέρος
1314 2199 1364 2225 οὺκ
1385 2199 1499 2234 ἀκηκόει
1518 2199 1549 2226 τὸ
1567 2199 1618 2234 τῆς
1639 2199 1764 2232 Ἑλλάδος
1781 2209 1867 2237 περι-

225 2251 274 2271 rus
287 2243 347 2276 fuit,
357 2250 446 2278 neque
456 2242 574 2278 patriam
585 2249 640 2269 non
651 2241 783 2270 illustrem
794 2241 899 2274 habuit,
915 2241 963 2270 sed
979 2248 1012 2268 ne

1067 2246 1164 2281 φανές;
1176 2247 1192 2282 ἢ
1203 2247 1245 2278 τίς
1262 2247 1311 2278 τὰς
1332 2246 1445 2282 Ἀθήνας
1459 2246 1549 2279 ἀγνοεῖ
1563 2246 1593 2272 τὸ
1604 2246 1653 2282 τῆς
1673 2246 1800 2279 Ἑλλάδος
1817 2246 1868 2275 εὗ-

226 2289 339 2325 ῖειιυὺὶὶί
351 2289 462 2324 quidem
477 2289 588 2316 civitate
598 2288 732 2316 oriundus
743 2287 810 2315 civis
823 2288 936 2315 exstitit.
949 2287 1015 2320 Quae

226 2338 270 2362 est
285 2334 357 2361 enim
372 2333 447 2360 orbis
463 2336 544 2360 terrae
559 2340 622 2367 pars
637 2340 697 2368 quae
710 2340 765 2359 non
780 2331 889 2359 Graeciaa
903 2332 1015 2359 clarita-

227 2384 283 2407 tem
294 2379 434 2407 audierit?
453 2383 482 2406 ut
484 2378 618 2414 Athenas
633 2378 744 2407 Graeciae
769 2379 884 2415 gloriam
896 2379 1015 2406 celebra—

228 2431 295 2459 tam,
312 2433 344 2453 ac
357 2425 457 2461 ubique
472 2425 644 2453 decantatam
665 2426 814 2458 civitatem,
839 2425 1015 2461 philosopho-

228 2481 290 2501 rum
305 2472 408 2505 sedem,
425 2476 506 2507 atque
521 2471 612 2499 locum
624 2471 670 2499 ubi
681 2472 803 2499 celebres
815 2476 938 2499 oratores
949 2479 1015 2499 suos

227 2523 357 2548 exercent
372 2522 399 2546 et
421 2519 530 2551 docent,
545 2519 607 2553 quis
625 2518 750 2553 ignorat?
764 2517 842 2545 Unde
853 2518 904 2546 iste
915 2517 1015 2553 Diony-

229 2565 287 2593 sius
307 2569 398 2592 ortum
414 2564 529 2599 accepit,
546 2567 574 2591 et
589 2564 635 2591 ubi
652 2571 753 2599 praeses
768 2563 965 2594 nobilissimus,
983 2569 1016 2590 ac

227 2611 299 2638 inter
307 2611 441 2646 Areopagi
450 2610 556 2645 iudices
568 2609 671 2645 primas
678 2609 815 2641 obtinens,
826 2608 1015 2643 magistratum

229 2657 393 2684 honorarius
407 2655 491 2692 judex
502 2656 610 2692 agebat,
623 2662 739 2690 quorum
751 2654 895 2689 praesentia
907 2655 1014 2690 generis

228 2706 256 2729 et
271 2702 388 2738 insignis
402 2703 488 2738 gloria
497 2703 532 2730 ab
539 2702 708 2729 Androtione
717 2708 749 2728 ac
759 2699 922 2727 Philochoro
934 2700 1008 2728 Athe:

229 2748 371 2775 uiensibus
390 2748 571 2783 scriptoribus
585 2746 696 2781 copiose
710 2746 808 2774 litteris
821 2745 948 2772 mandata
961 2749 1013 2773 est.

267 2793 337 2820 Hinc
352 2793 434 2820 etiam
450 2796 492 2820 est
503 2792 583 2820 facile
597 2791 735 2826 conjicere
747 2795 874 2826 parentes
889 2790 949 2826 ejus
966 2799 1016 2826 op-

229 2839 341 2866 timates
356 2838 524 2872 prazstabiles
540 2858 547 2869 ,
570 2845 602 2865 ac
618 2837 720 2865 virtute
745 2837 835 2864 claros
850 2836 944 2864 fuisse.
960 2835 1011 2863 Ne-

231 2892 285 2919 que
301 2884 372 2910 enim
391 2884 462 2919 apud
473 2883 653 2912 Athenienses
667 2884 754 2912 elatos
769 2883 905 2916 homines,
921 2883 948 2910 in
959 2886 1013 2909 tam

1066 2301 1121 2328 χος,
1133 2293 1163 2320 τὺ
1179 2293 1343 2329 περίπυστον
1355 2293 1401 2319 καὶ
1411 2292 1586 2327 παναοίδιμον
1597 2291 1675 2324 ἄστυ,
1692 2292 1723 2318 τὸ
1741 2292 1799 2319 τῶν
1814 2302 1866 2329 φι-

1065 2339 1185 2374 λοσόφων
1204 2339 1395 2375 διαιτητήριον,
1412 2339 1459 2365 καὶ
1476 2338 1530 2365 τῶν
1548 2338 1593 2364 ἐπὶ
1617 2338 1688 2373 λόγῳ
1706 2339 1779 2374 μέγα
1795 2340 1868 2375 βοω.

1068 2386 1154 2422 μένων
1163 2394 1196 2420 γυ
1201 2385 1363 2420 μναστήριόν
1376 2393 1406 2411 τε
1419 2385 1466 2411 καὶ
1480 2384 1668 2420 παιδευτήριον
1682 2383 1760 2416 ;ὄθεν
1768 2385 1867 2412 Διονύ-

1067 2442 1123 2465 σιος
1137 2430 1213 2464 οὗτος
1227 2432 1349 2468 ὡρμᾶτο,
1368 2431 1413 2458 καὶ
1429 2428 1459 2458 οὒ
1474 2430 1670 2465 διασημότατος
1687 2431 1867 2466 προηγέτης,

1066 2479 1112 2506 καὶ
1127 2479 1181 2505 τῶν
1191 2479 1219 2504 ὲν
1241 2477 1337 2514 Ἀρείῳ
1352 2477 1431 2513 πάγῳ
1443 2475 1574 2503 δικαστῶν
1585 2475 1752 2511 ἐχρημάτιζε
1769 2477 1867 2512 προῦ-

1067 2534 1120 2561 χων
1137 2524 1185 2551 καὶ
1199 2524 1357 2560 πρόκριτος,
1374 2519 1412 2550 ὦν
1430 2522 1461 2548 τὸ
1475 2521 1523 2548 τοῦ
1539 2522 1633 2555 γένους
1646 2521 1795 2557 περίοπτον
1813 2523 1868 2549 καὶ

1068 2570 1242 2607 μεγαλόδοξον
1282 2571 1339 2602 τοῖς
1374 2569 1429 2596 τῶν
1464 2568 1589 2595 Ἀτθίδων
1632 2568 1844 2604 συγγραφεῦσιν
1857 2589 1866 2599 ,

1067 2615 1236 2652 Ἀνδροτίωνι
1261 2615 1307 2642 καὶ
1333 2614 1484 2650 Φιλοχόρῳ,
1511 2612 1582 2639 κατὰ
1611 2612 1713 2644 πλάτος
1746 2614 1869 2649 ἱστόρη-

1066 2671 1120 2689 ται.

1108 2785 1166 2818 Ἀφ’
1182 2780 1220 2810 ὧν
1233 2784 1289 2811 ἔστι
1305 2791 1334 2808 τε
1350 2782 1396 2808 καὶ
1411 2780 1598 2816 τεκμήρασθαι
1612 2779 1701 2806 καὶτὸ
1723 2779 1781 2807 τῶν
1794 2789 1871 2816 προ-

1066 2832 1150 2866 γόνων
1174 2829 1256 2857 αὑτοῦ
1274 2830 1417 2865 πρωτεῖον,
1442 2828 1487 2854 καὶ
1511 2827 1617 2862 ἔντιμον
1633 2827 1681 2853 καὶ
1697 2826 1868 2862 5mva-

1065 2880 1096 2906 οὐ
1111 2879 1165 2914 γὰρ
1183 2878 1215 2905 ἂν
1232 2877 1296 2912 παρ’
1319 2875 1466 2910 Ἀθηναίοις
1484 2875 1539 2905 τοῖς
1550 2872 1701 2908 ἀγερώχοις
1716 2873 1759 2905 εἰς
1773 2873 1873 2909 ἀρχὴν
