1950 3065
126 142 167 170 621

601 137 694 172 VITA,
716 140 881 168 AUCTORE
897 140 1073 168 MICHAELE
1093 139 1261 169 SYNGELO.

1687 142 1739 170 622

125 201 239 237 προῆκτο
254 199 397 236 τοσαύτην,
415 201 438 226 εἰ
452 199 488 235 μὴ
505 199 572 235 πρὸς
587 202 621 236 τῇ
640 200 720 236 σοφίᾳ
739 200 785 227 καὶ
800 201 833 236 τῇ
849 200 894 226 τῶι

956 199 1099 227 sublimem
1125 199 1307 235 principatum
1330 203 1441 227 evectus
1457 202 1540 231 esset,
1563 199 1615 227 nisi
1631 200 1739 235 sapien-

124 247 222 284 φρενῶν
235 247 378 282 εὐκοσμίᾳ,
397 245 558 281 σωφροσύνῃ
572 254 602 272 τε
616 247 663 273 καὶ
676 245 843 282 δικαιοσύνῃ,
856 246 903 272 καὶ

122 293 220 329 ἀνδρίᾳ,
236 294 281 320 καὶ
296 294 328 329 τῇ
347 291 577 328 περιϐλέπτῳτοῦ
591 292 685 326 γένους
699 292 820 327 ὑπεροχῇ
836 300 902 318 κατ-

123 339 260 376 ηγλάϊστο·
291 339 330 375 τῷ
364 338 418 375 γὰρ
455 339 559 366 Λουκᾶν
595 339 640 365 τὸν
675 339 902 374 φιλαληθέστατον

123 387 163 413 καὶ
193 385 348 420 σοφώτατον
378 386 406 412 ὲν
426 386 459 421 τῇ
481 385 536 412 τῶν
566 384 751 412 ἀποστολικῶν
772 384 902 421 Πράξεων

123 433 180 468 ἁγίᾳ
213 433 260 459 καὶ
285 431 414 467 πανσόφῳ
440 433 595 467 συγγραφῇ,
632 432 697 467 περὶ
729 431 782 457 τῶν
822 430 901 467 Ἀθή-

121 489 175 516 νῃσι
206 479 425 506 πεπιστευκότων
455 478 498 505 διὰ
526 478 576 513 τῆς
603 478 674 504 κατὰ
710 477 756 504 τὸν
790 477 900 514 Ἀρειον

121 526 201 560 πάγον
212 525 389 553 θεοπνεύστου
405 525 452 552 τοῦ
466 524 600 560 μακαρίου
617 524 723 551 Παύλου
733 523 842 559 διδαχῆς
854 525 901 550 καὶ

120 571 283 608 δημηγορίας
299 570 487 606 διηγούμενον,
503 571 584 604 φάναι
599 569 763 604 κατ’ὲξοχῆς
782 569 898 605 τρόπον,

126 618 172 644 Ἑν
188 616 233 650 οἷς
248 616 287 652 ἦν
301 617 349 644 καὶ
367 617 522 649 Διονύσιος
540 618 555 645 d
581 616 805 651 'Apsonay-lmq'
822 618 901 652 ἐναρ-

119 665 170 700 γῶς
187 664 217 691 τὺ
233 664 279 691 τοῦ
297 663 388 700 νοεροῦ
402 663 478 690 τοῦδε
495 664 654 700 λαμπτῆρος
671 664 741 690 κατά
758 672 787 689 τε
805 663 899 698 γένους

119 711 310 747 ἐπισημότητα.
327 711 374 737 καὶ
397 711 457 737 κατ’
483 709 593 746 ἀρετῆς,
621 709 668 736 καλ¹
693 709 829 744 γνώσεως,
852 711 899 737 καὶ

119 756 208 791 σοφίας
219 756 266 782 καὶ
276 755 459 791 ὲλλογιότητος
475 756 643 791 περιουσίαν,
659 756 813 792 ὐπερφερὲς
833 756 900 783 ἁπο-

117 803 258 830 δείκνυται.
276 802 313 830 οὐ
337 802 391 838 γὰρ
412 802 540 839 εἴρηκεν,
565 803 609 829 Ἐν
627 800 667 834 οἷς
692 800 726 838 ἦν
750 802 819 838 ἀνὴρ
842 802 899 829 ὀνό-

119 857 178 884 ματι
188 848 334 881 Διονύσιος,
346 849 383 881 ὡς
400 849 505 881 εἴτινος
518 849 620 875 εἵνεκεν
632 849 740 884 ἀδήλου,
754 848 826 882 ἀλλ’,
847 849 898 876 Ἐν

116 892 159 928 οἷς
174 895 213 929 ἦν
226 894 274 921 καὶ
289 895 443 928 Διονύσιος
462 897 478 922 ὀ
501 895 719 930 Ἀρεοπαγίτης,
743 895 898 929 ὑποφαίνων

116 939 245 972 ἐντεῦθεν,
271 941 300 966 ὲν
323 940 454 976 στόμασιν
469 940 596 967 ἁπάντων
612 939 722 975 ᾄδεσθαι
735 940 780 966 τὸν
796 940 897 976 ἄνδρα,

115 986 158 1013 καὶ
173 984 385 1021 ὀνομαστότατον
402 983 478 1012 εἶναι.
494 986 548 1012 Καὶ
566 986 602 1021 μή
618 994 661 1017 τις
678 986 715 1021 μὴ
742 985 813 1021 μέγα
836 994 898 1012 συν-

113 1032 197 1059 τελεῖν
210 1032 307 1059 οὶέσθω
323 1034 362 1065 εἰς
380 1032 425 1060 τὸν
441 1030 488 1059 τοῦ
503 1032 583 1067 λόγου
601 1032 702 1059 σκοπὸν
719 1032 832 1068 ταυτηνὶ
848 1032 897 1068 τὴν

115 1077 187 1114 ἱερὰν
205 1077 399 1115 βραχυλογίαν·
416 1078 440 1104 εἰ
456 1078 510 1113 γὰρ
525 1078 572 1104 καὶ
588 1076 689 1113 βραχὺς
699 1078 713 1104 ὁ
729 1076 817 1111 λόγος,
830 1076 898 1104 ἀλλὰ

114 1123 193 1155 πολὺς
209 1123 223 1149 ὁ
239 1123 303 1160 παρ’
322 1122 402 1150 αὑτοῦ
419 1122 508 1160 βρύων
523 1123 562 1155 είς
579 1120 716 1158 εὐφημίαν
734 1122 828 1148 τούτου
848 1122 895 1148 τοῦ

113 1169 315 1204 θαυμαζομένου
341 1168 465 1201 πλοῦτος.
485 1168 562 1194 Οὖτω
577 1167 631 1203 γὰρ
659 1167 779 1202 Μωῡσῆς
800 1167 814 1193 ὁ
837 1164 896 1193 θεό-

113 1223 181 1251 πτης
196 1214 224 1241 ἐν
239 1224 291 1241 τινι
310 1215 360 1250 τῆς
377 1214 570 1250 κοσμογενείας
588 1212 662 1248 ρητῷ
683 1213 893 1249 συντομωτάτῳ,

111 1260 273 1296 Μελχισεδὲκ
299 1259 558 1296 ἀπομνημονεύσας,
586 1259 634 1286 τοῦ
660 1259 710 1295 τὴν
734 1258 793 1285 καθ’
820 1259 894 1294 ἡμᾶς

112 1306 294 1342 πνευματικὴν
309 1305 457 1341 ἱερωσύνην
471 1303 709 1341 προτυπώσαντος,
734 1303 801 1339 μήτε
814 1303 896 1329 τίνων

109 1352 209 1388 γονέων
226 1352 282 1383 υἱὸς
304 1351 435 1386 ἐγεγόνει,
459 1351 519 1386 μηδ’
535 1350 630 1376 ὁπόθεν
653 1349 780 1386 ὥρμητο,
798 1349 894 1384 διαση-

111 1399 273 1435 μηνάμενος,
293 1397 331 1429 ὡς
351 1398 379 1423 ὲν
397 1396 522 1431 ἀθανάτῳ
539 1395 623 1432 στήλῃ
637 1395 686 1431 τὴν
703 1395 806 1422 ἐκείνου
825 1396 893 1431 μνή-

109 1455 163 1481 μην
174 1446 235 1477 ταῖς
252 1444 396 1480 μετέπειτα
410 1444 515 1478 γενεαῖς
531 1441 733 1473 διαιωνιζόντως
754 1442 894 1477 εὐφημου-

109 1491 192 1527 μένην
208 1489 394 1518 καταλέλοιπε.
414 1489 498 1526 Δεῦρο
512 1488 544 1525 δὴ
560 1486 606 1514 οὖν
616 1487 706 1519 αὐτὸς,
725 1484 748 1514 ὦ
761 1488 810 1522 τῆς
821 1496 893 1522 παγ-

107 1537 221 1572 κοσμίου
239 1536 375 1571 σωτηρίας
398 1534 445 1561 κα)⁸
459 1535 545 1570 χαρᾶς
565 1533 753 1568 εὐαγγελιστὰ,
776 1534 823 1560 καὶ
841 1534 892 1569 τῆς
906 1546 927 1575 C

105 1582 247 1618 ἀφράστου
263 1580 310 1607 τοῦ
325 1580 391 1606 Θεοῦ
405 1579 491 1614 Λόγου
511 1579 675 1615 σαρκώσεως
692 1579 892 1616 μεγαλοκήρυξ,

106 1626 154 1653 καὶ
171 1626 225 1652 τῶν
238 1625 318 1652 Θείων
334 1625 417 1652 αὑτοῦ
435 1625 555 1661 σημείων
579 1625 625 1652 καὶ
641 1625 790 1661 μεγαλείων
809 1625 893 1662 ῥῆτορ

104 1672 298 1708 ἑψευδὲστατε,
323 1672 370 1699 καὶ
390 1672 444 1698 τῶν
464 1671 662 1706 εὐαγγελιστῶν
681 1671 892 1704 διεξοδικὼτατε,

102 1720 199 1748 Δουκᾱ
215 1718 440 1755 παμμακάριστε,
461 1718 540 1754 δεῦρο
560 1718 675 1754 φράσειν
691 1718 767 1753 ἡμῖν,
783 1718 826 1749 τίς
847 1715 893 1745 οὖ-

101 1776 151 1799 τος
165 1768 180 1794 ὁ
196 1765 342 1798 Διονύσιος,
361 1765 408 1792 καὶ
425 1765 512 1796 ποῖος,
537 1764 584 1791 καὶ
604 1763 653 1799 τὴν
670 1763 782 1790 πλεῖστα.
800 1773 894 1791 συντε-

100 1813 247 1849 τμημένην
260 1821 306 1839 σου
322 1812 483 1849 ἱερολογίαν,
492 1811 553 1838 καθ’
563 1810 596 1846 ἢν
603 1809 707 1837 τουτονὶ
716 1810 762 1837 τὸν
769 1811 894 1846 ἱεροφάν-

99 1869 154 1896 την
169 1861 338 1896 προήγαγες,
354 1859 520 1891 ὲξάπλωσον.

142 1945 228 1981 Οὗτός
243 1951 312 1981 ἐστι,
326 1949 419 1984 φησιν,
431 1950 445 1975 ὁ
458 1948 512 1975 τῶν
523 1948 583 1975 καθ’
596 1947 833 1982 Ἐλλάδαλογάδων
845 1947 892 1974 καὶ

99 1995 274 2031 εὐπατριδῶν
298 1995 498 2026 εὐκλεέστατος,
525 1995 572 2021 καὶ
595 1994 645 2029 τῆς
677 1993 891 2030 Ἀρεοπαγίτιδος

100 2041 203 2078 βουλῆς
224 2041 403 2077 ἐξοχώτατος·
423 2042 452 2068 οὐ
475 2041 525 2077 μὲν
546 2040 672 2067 τοσοῦτον
693 2041 725 2067 ἐκ
744 2040 794 2075 τῆς
813 2039 891 2072 ἀξίας

97 2087 265 2124 περικλυτὸς
279 2087 460 2123 ἀποφανθεὶς,
477 2088 539 2114 ὅσον
555 2087 633 2118 αὐτὸς
647 2086 754 2121 ἐκείνην
773 2094 890 2122 περιφα-
909 2120 912 2123 ι

95 2135 232 2170 νεστέραν
257 2134 405 2169 ἀπέφηνεν.
428 2130 512 2165 Οὗτός
535 2134 609 2159 ὲστιν
632 2133 647 2159 ὁ
663 2132 700 2168 μὴ
716 2132 796 2167 μόνον
820 2131 891 2158 κατὰ

96 2181 194 2208 πᾶσαν
223 2182 378 2216 ἐπιστήμης
399 2180 510 2215 λογικῆς
530 2179 601 2206 ἰδέαν
621 2177 890 2211 τελεώτατος,Στωῖ-

955 246 1020 273 tiam
1042 250 1069 273 et
1083 246 1167 273 animi
1182 250 1353 279 ornamenta,
1375 245 1565 281 prudentiam,
1582 245 1737 280 justitiam.

954 291 1153 322 fortitudinem,
1181 291 1280 319 illustri
1307 292 1389 318 etiam
1417 291 1508 327 generi
1536 291 1737 326 coniunxisset.

953 337 1022 365 Cum
1038 339 1111 365 enim
1133 337 1220 365 Lucas
1242 338 1366 365 veritatis
1381 337 1586 365 amantissimus
1602 338 1739 373 simulque

954 384 1173 419 sapientissimus
1189 383 1215 410 in
1231 387 1325 410 sancta
1341 383 1471 418 omnique
1486 385 1565 418 plena
1584 384 1718 418 sapientia
1729 404 1736 413 ,

952 431 1082 458 Actorum
1101 430 1287 465 apostolorum
1305 430 1419 458 historia
1435 431 1468 458 de
1488 431 1530 458 his
1553 431 1599 466 qui
1623 431 1738 458 Athenis

952 477 981 504 B.
999 477 1074 504 Pauli
1090 477 1182 504 divino
1204 476 1285 504 atllati
1303 477 1425 508 numine,
1450 477 1574 505 doctrina
1595 481 1621 505 et
1639 478 1736 512 praedi-

952 524 1059 550 catione
1083 523 1257 550 crediderant
1276 523 1444 557 loqueretur,
1469 527 1551 558 atque
1580 523 1738 558 hujusmodi

951 569 1032 595 verba
1048 576 1096 603 per
1110 568 1299 596 excellentiam
1321 573 1492 603 usurpasset.
1519 568 1552 595 In
1568 569 1662 603 quibus
1679 572 1736 595 erat

950 618 974 640 et
996 613 1139 648 Dionysius
1160 613 1341 649 Areopagilal
1356 624 1361 641 2
1379 615 1523 649 perspicue
1546 614 1630 641 divini
1656 615 1736 641 istius

951 659 1061 687 luminis
1078 667 1140 686 cum
1156 657 1264 694 generis
1287 659 1446 686 excellentia
1464 663 1522 686 tum
1545 659 1664 690 virtutis,
1689 666 1737 685 co-

951 701 1082 738 gnitionis
1105 710 1138 729 ac
1158 703 1320 738 eloquentiae
1335 703 1458 731 ubertate
1479 701 1676 738 praestantiam,
1693 704 1736 730 in—

949 748 1059 776 dicavit.
1076 748 1169 784 Neque
1190 750 1263 776 enim
1280 750 1348 777 dixit
1365 759 1371 776 :
1389 750 1418 777 ln
1433 750 1533 785 quibus
1549 753 1608 777 erat
1624 751 1666 777 vir
1686 758 1737 777 nuo

950 795 1023 822 mine
1041 793 1198 831 Dionysius,
1211 796 1327 830 perinde
1342 804 1374 823 ac
1390 796 1413 823 si
1430 796 1463 823 de
1479 796 1571 832 ignoto
1589 797 1681 833 aliquo
1696 798 1737 824 lo-

949 844 1091 875 queretur,
1108 842 1156 870 sed
1173 841 1205 869 In
1220 842 1315 876 quibus
1333 847 1391 870 erat
1409 847 1434 870 et
1450 842 1595 878 Dionysius
1618 844 1737 879 Areopa-

948 888 1013 922 g'ta.
1031 886 1100 915 Hinc
1113 888 1291 915 subindicans
1313 889 1401 916 virum
1418 890 1601 918 clarissimum
1617 899 1665 925 per
1677 899 1737 918 oui-

949 933 1024 960 nium
1039 941 1087 960 ora
1111 934 1255 962 celebrari.
1279 934 1373 970 Neque
1394 935 1466 963 hanc
1489 936 1576 964 divini
1600 937 1736 965 sermonis

948 978 1109 1007 brevitatem
1135 980 1169 1008 ad
1193 980 1370 1008 intentionem
1399 982 1535 1010 orationis
1565 983 1736 1018 propositam

947 1033 1002 1053 non
1017 1027 1107 1062 magni
1122 1027 1225 1055 referre
1238 1029 1373 1065 quispiam
1390 1029 1547 1058 arbitretur.
1568 1029 1636 1058 Nam
1652 1031 1736 1058 etiam

948 1071 971 1098 si
987 1070 1079 1098 brevis
1094 1071 1130 1099 sit
1146 1073 1246 1105 oratio,
1263 1073 1364 1101 divitiae
1379 1079 1469 1102 tamen
1485 1082 1545 1110 quae
1560 1075 1623 1103 inde
1640 1075 1666 1103 in
1683 1076 1737 1103 hu-

944 1117 990 1151 jus
1014 1118 1061 1153 qui
1083 1118 1238 1146 celebratur
1257 1118 1308 1147 viri
1333 1120 1439 1147 laudem
1455 1120 1562 1154 ﬂuunt,
1586 1126 1650 1149 sunt
1672 1130 1735 1157 per-

947 1163 1049 1191 nlultze.
1066 1162 1159 1199 Neque
1174 1173 1255 1193 secus
1270 1166 1342 1193 enim
1360 1166 1498 1201 inspector
1517 1166 1566 1195 Dei
1580 1167 1687 1204 Moyses
1706 1169 1735 1196 in

947 1209 1050 1245 scripto
1081 1210 1201 1245 quodam
1233 1213 1381 1240 crcationis
1422 1213 1516 1241 mundi
1547 1214 1733 1247 brevissimo,

946 1262 1009 1282 cum
1041 1255 1240 1285 Melchisedech
1262 1258 1308 1293 qui
1331 1258 1453 1286 divinum
1475 1259 1554 1295 juxta
1575 1261 1659 1288 ritum
1683 1269 1735 1289 no-

946 1304 1033 1328 strum
1060 1303 1242 1332 sacerdotium
1276 1311 1331 1339 prae
1364 1312 1393 1332 se
1420 1305 1537 1339 ferebat,
1566 1307 1733 1335 mentionem

946 1346 1066 1381 fecisset,
1091 1357 1142 1377 nec
1160 1350 1261 1385 quibus
1283 1351 1443 1386 parentibus
1468 1356 1547 1379 ortus
1563 1356 1656 1386 esset,
1679 1360 1733 1382 nec

946 1395 1018 1423 unde
1031 1395 1112 1431 362
1127 1397 1259 1432 originem
1274 1398 1396 1425 traheret
1409 1399 1546 1433 aperiens,
1561 1400 1621 1435 ejus
1633 1408 1735 1429 meme-

944 1441 1024 1473 riam,
1039 1450 1100 1477 qua:
1117 1450 1166 1477 per
1185 1443 1284 1471 saecula
1300 1444 1416 1472 celebris
1432 1445 1512 1478 foret,
1529 1450 1658 1483 tanquam
1680 1448 1734 1476 im-

945 1489 1053 1516 mortali
1070 1491 1239 1518 mouimento
1254 1496 1453 1524 consecratam,
1470 1493 1589 1527 posteris
1610 1494 1731 1529 reliquit.

944 1534 1000 1570 Age
1015 1535 1154 1572 (obsecro)
1180 1537 1264 1572 igitur
1278 1538 1347 1573 ipse,
1362 1546 1379 1566 ο
1397 1539 1490 1574 gaudii
1513 1543 1539 1566 et
1559 1539 1646 1567 fauste
1669 1548 1732 1575 pre-

943 1581 1021 1608 tiosa:
1036 1582 1133 1609 salutis
1149 1583 1256 1617 nuntie,
1271 1591 1287 1610 ο
1305 1584 1400 1619 ingens
1421 1584 1566 1613 inetl‘abilis
1582 1586 1732 1614 descensus

943 1626 1005 1654 Filii
1030 1627 1077 1655 Dei
1095 1635 1194 1662 praeco,
1212 1633 1240 1657 et
1262 1629 1417 1657 divinorum
1435 1631 1495 1666 ejus
1515 1631 1731 1664 miraculorum,

944 1676 1026 1707 atque
1040 1680 1132 1700 rerum
1153 1674 1362 1709 magniﬁcarum
1385 1676 1563 1704 veracissime
1583 1677 1733 1704 conciona—

944 1723 997 1752 tor,
1009 1727 1025 1747 o
1035 1720 1265 1756 evangelistarum
1279 1722 1459 1756 amplissime,
1473 1722 1631 1750 beatissime
1644 1722 1730 1751 Luca.

942 1766 1000 1802 Age
1022 1765 1080 1794 fare
1102 1766 1193 1799 nobis,
1215 1767 1328 1803 quinam
1344 1772 1371 1796 et
1391 1769 1481 1804 qualis
1503 1769 1539 1797 sit
1554 1769 1606 1797 iste
1629 1768 1732 1805 Diony-

943 1813 1012 1847 sius,
1043 1818 1071 1841 et
1087 1821 1194 1842 sacram
1215 1818 1289 1842 tuam
1304 1822 1436 1850 perquam
1452 1815 1641 1843 brevissimam
1662 1816 1732 1844 seri-

942 1860 1075 1894 ptionem,
1086 1868 1140 1896 qua
1154 1861 1228 1888 hunc
1240 1862 1362 1888 omnium
1375 1860 1513 1889 doctorem
1528 1861 1557 1889 in
1568 1862 1656 1890 lucem
1666 1869 1731 1897 pro-

942 1906 1049 1938 vexisti,
1066 1906 1145 1934 nobis
1160 1906 1293 1934 edissere.

978 1951 1028 1979 Hic
1050 1955 1104 1984 est,
1130 1952 1230 1988 inquit,
1256 1952 1327 1981 inter
1351 1951 1517 1982 lectissimos
1543 1961 1576 1981 ac
1595 1954 1731 1990 dignitate

941 2001 1104 2032 praestantes
1120 1998 1232 2026 Graeciae
1246 1999 1330 2030 viros,
1355 1999 1466 2034 pietatis
1483 1999 1572 2026 cultor
1590 2000 1727 2031 eximius.

942 2047 969 2070 et
984 2043 1208 2078 Areopagitarum
1225 2044 1336 2070 concilii
1351 2047 1462 2070 senator
1472 2043 1669 2078 amplissimus,
1680 2044 1728 2078 qui

941 2095 997 2116 non
1021 2092 1076 2116 tam
1103 2089 1221 2124 inclytus
1245 2089 1281 2116 ob
1307 2089 1466 2124 dignitatem
1491 2089 1604 2116 eil‘ectus
1631 2089 1727 2122 fuisse,

941 2138 1074 2169 quantum
1085 2135 1245 2170 dignitatem
1262 2135 1321 2170 ipse
1335 2135 1477 2163 clariorem
1494 2134 1617 2162 effecisse
1629 2138 1671 2163 est
1682 2135 1728 2169 ju-

941 2180 1086 2208 dicandus.
1103 2180 1153 2208 Hie
1167 2186 1210 2209 est
1224 2181 1269 2216 qui
1290 2189 1346 2208 non
1360 2181 1447 2208 solum
1463 2181 1555 2208 omnia
1573 2180 1728 2208 disserendi

94 2227 160 2255 κῶν
169 2236 198 2254 τε
215 2228 260 2254 καὶ
282 2227 487 2264 Ἐπικουρείων,
499 2226 546 2253 καὶ
559 2226 614 2253 τῶν
628 2226 715 2252 ἄλλων
738 2225 889 2259 φιλοσόφων

945 2227 1064 2255 scientia
1088 2232 1250 2255 ornamenta
1272 2228 1430 2262 complexus
1454 2231 1506 2259 est,
1532 2227 1686 2255 Stoicorqu
1700 2232 1728 2254 et

94 2274 332 2309 φιλοσοφώτατος,
348 2274 394 2301 καὶ
409 2273 464 2300 τῶν
484 2272 688 2305 Ἀττικιζὸντων
701 2272 747 2298 καὶ
759 2279 889 2308 γραμμα-

90 2320 285 2355 τικευομένων
304 2320 486 2352 ἀττικώτατός
503 2329 532 2346 τε
551 2319 598 2346 καὶ
615 2318 820 2355 τεχνικώτατος,
843 2317 889 2344 καὶ

93 2365 226 2403 ρητόρων
242 2365 467 2402 ρητορικώτατος,
483 2365 529 2392 καὶ
545 2365 599 2391 τῶν
618 2364 682 2401 περὶ
696 2364 745 2400 τὴν
761 2365 889 2400 ἀστρονο-

94 2411 169 2449 μίαν
189 2412 410 2447 καταγινομένων
425 2411 674 2448 θεωρητικώτατος,
689 2409 742 2436 κάν
757 2411 817 2442 ταῖς
834 2409 889 2436 λοι-

88 2459 167 2490 παῖς
181 2458 334 2492 ὲγκυκλίοις
353 2457 525 2485 παιδεύσεσιν
539 2457 745 2493 ἀκριὸἑστατος,
763 2456 830 2483 ἀλλὰ
843 2456 890 2483 καὶ

85 2506 130 2540 τῇ
147 2503 297 2540 τετρακτύῖ
309 2504 363 2530 τῶν
376 2504 480 2540 ἀρετῶν
494 2503 669 2539 ἀρτιώτατος.
681 2500 765 2535 Οὗτός
786 2503 858 2529 ἐστιν
874 2502 889 2528 ὁ

84 2551 180 2584 δίκης
194 2550 387 2586 ἀρρεπεστάτῃ
403 2550 522 2586 τρυτάνῃ
537 2548 716 2586 κεχρημένος,
730 2549 777 2575 καὶ
790 2547 845 2575 τῶν
859 2549 888 2576 ἐν

95 2596 234 2632 Ἀθήναις
255 2596 464 2631 θεμιστευόντων
485 2595 641 2626 εὐθύτατος’
664 2595 711 2621 καὶ
732 2594 819 2622 ταῦτα
832 2596 889 2627 τοῖς

94 2643 273 2678 Ἑλληνικοῖς
287 2643 327 2669 ἔτι
339 2642 548 2678 προσηλωμένος
557 2641 756 2677 θρησκεύμασι,
771 2642 817 2668 καὶ
831 2643 888 2674 τοῖς

80 2690 160 2722 Διὸς
177 2689 385 2728 ὲμπεφυρμένος
401 2688 574 2724 βδελύγμασι,
588 2687 633 2714 καὶ
646 2688 703 2719 τοῖς
720 2687 769 2722 τῆς
782 2688 889 2714 Παλλά-

80 2738 140 2769 δος
167 2737 281 2772 Ἀθηνᾶς
299 2736 446 2767 εἱδωλικοῖς
467 2734 696 2770 ἐπαγλαῖζόμενος
718 2733 887 2769 σεϐάσμασι,

80 2783 143 2812 καὶ
163 2783 213 2815 τὰς
227 2783 286 2810 κατ’
311 2782 410 2818 Ὀρφέα
425 2782 471 2809 τὸν
497 2781 585 2809 πάντα
607 2782 663 2813 τοῖς
690 2781 828 2815 μουσικοῖς
846 2779 889 2806 ἓλ-

133 2860 145 2880 ι
161 2861 221 2888 Act.
240 2869 305 2891 xvn.
317 2861 361 2888 54.

941 2273 1137 2308 Epicureorum
1153 2278 1368 2308 ceterorumque
1384 2273 1606 2308 philosophorum
1623 2272 1729 2300 doctis-

941 2320 1039 2352 simus,
1054 2324 1081 2347 et
1099 2320 1188 2347 Attice
1204 2323 1230 2347 et
1243 2320 1361 2347 litterate
1375 2320 1545 2355 loquentium
1561 2318 1727 2346 facundissi-

940 2374 1012 2398 mus,
1029 2366 1156 2402 idemque
1171 2366 1385 2397 eruditissimus,
1401 2366 1540 2393 rhetorum
1559 2365 1728 2400 eloquentis-

941 2413 1039 2445 simus,
1056 2414 1230 2441 astronomiae
1251 2413 1315 2440 item
1334 2412 1550 2440 incumbentium
1571 2411 1727 2447 speculator

941 2459 1101 2491 acerrimus,
1119 2467 1151 2486 ac
1168 2459 1196 2486 in
1209 2458 1488 2487 caeteris'liberalibus
1506 2458 1659 2493 disciplinis
1678 2465 1727 2493 pe-

940 2504 1101 2536 ritissimus,
1129 2505 1195 2539 quin
1222 2509 1250 2532 et
1273 2508 1393 2539 quatuor
1419 2507 1550 2539 praterea
1576 2503 1725 2530 virtutibus

940 2557 1047 2577 summe
1061 2554 1174 2577 ornatus
1191 2549 1250 2576 fuit.
1269 2549 1318 2577 llic
1332 2554 1374 2578 est
1386 2557 1432 2585 qui
1446 2549 1601 2577 rectissima
1616 2550 1643 2576 in
1654 2548 1726 2583 judi-

940 2596 1028 2623 cando
1043 2596 1146 2623 trutina
1154 2604 1233 2628 usus,
1246 2603 1340 2623 eorum
1353 2596 1400 2631 qui
1411 2595 1527 2624 Athenis
1537 2595 1582 2630 jus
1595 2595 1726 2622 dicebant

937 2640 1108 2674 iustissimus
1129 2640 1191 2673 fuit,
1211 2641 1292 2676 idque
1308 2649 1370 2668 cum
1386 2641 1475 2668 adhuc
1497 2640 1638 2675 gentilium
1660 2639 1724 2666 reli-

939 2686 1020 2721 gione
1034 2687 1195 2720 obstrictus,
1213 2686 1344 2723 Iovisque
1363 2686 1614 2714 abominatiouibus
1633 2684 1725 2719 inqui-

939 2736 1031 2765 natus,
1056 2736 1083 2761 et
1107 2733 1276 2761 exsecranda
1301 2733 1419 2761 Palladis
1444 2732 1619 2761 Atheniensis
1637 2731 1725 2758 cultui

939 2778 1042 2807 nefarie
1053 2783 1127 2808 esset
1142 2779 1278 2813 addictus,
1297 2780 1436 2808 fabulosus
1451 2779 1514 2806 item
1539 2777 1655 2812 Orphei,
1676 2776 1725 2812 qui
