1950 3065
205 161 258 190 623

795 155 824 183 S.
842 154 990 183 DIONYSII
1010 154 1240 183 AREOPAGITA‘}

1782 152 1833 179 62$

205 220 298 249 omnia
323 219 356 247 ad
383 226 413 246 se
435 218 549 246 musicis
567 216 746 245 concentibus
775 215 927 242 attrahcbat
950 224 996 243 su~

1050 223 1127 241 κοντα
1145 213 1290 250 κρούμασι,
1315 212 1446 248 μυθώδεις
1471 211 1608 246 θεολογίας
1628 210 1833 246 ἀσπαζόμενος,

207 267 304 296 blinies
318 266 352 293 de
368 266 421 293 diis
438 272 578 293 sermones
603 263 783 299 amplectens,
807 266 834 289 ct
854 262 919 288 anili
940 261 994 288 He-

207 312 278 340 siodi
291 311 449 346 Theogenia
464 310 580 337 libenter
592 309 760 336 detineretur
769 307 888 334 illectus.
901 306 935 333 At
948 306 993 333 ubi

207 357 295 393 gratia
317 356 448 384 salutaris
473 355 580 382 cunctis
598 353 756 381 hominibus
781 353 881 383 illuxit,
907 351 994 387 genti-

207 404 274 431 lium
299 403 442 431 ebrietatis
463 406 490 429 et
517 401 642 428 amentia:
669 400 797 428 tenebras
822 399 992 432 eliminavit,

207 449 455 482 universorumque
480 446 690 474 simulacrorum
715 452 837 472 errorem
862 444 995 471 de~lerra

209 495 329 526 sustulit,
352 501 382 520 ac
398 493 498 528 ubique
515 496 652 519 terrarum
668 491 715 518 Dei
733 495 760 518 et
773 490 923 518 servatoris
944 497 995 517 no-

209 542 259 569 stri
273 540 374 568 Christi
388 539 526 573 discipuli,
542 541 671 573 tanquam
687 537 785 572 aquila:
794 536 918 571 quaedam
931 543 996 571 pas-

210 589 248 615 sis
262 587 313 614 alis
331 586 470 614 evolantcs
494 593 525 612 ac
539 587 740 620 percurrentes,
753 583 851 610 divinae
865 583 996 618 cognitio-

209 635 254 661 nis
269 633 371 660 lumine
387 632 519 659 mumlum
540 631 757 658 illustraverunt.
775 629 890 662 Quando
914 629 995 656 etiam

210 680 310 706 Paulus
339 678 528 713 theologorum
557 683 703 712 supremus
730 678 757 702 ct
784 675 993 707 divinissimus,

209 726 329 762 gentium
356 725 507 760 apostolus,
525 723 589 751 tuba
611 722 710 750 coelum
725 729 812 757 usque
826 722 994 756 pertingens,

209 780 258 799 vas
272 771 426 802 electionis,
453 770 573 797 Athenas
595 767 742 799 concessit,
764 767 811 794 ubi
828 766 995 802 praaconium

210 825 224 845 a
239 826 294 854 quo
314 818 428 844 salutem
443 821 470 844 et
480 817 562 843 vitam
579 815 698 843 mundus
715 814 862 849 acciperet,
888 821 996 841 annun-

210 864 294 896 tians,
310 863 433 890 divinum
447 862 555 897 nomini
567 869 666 888 nomen
678 860 888 888 circumferebat
900 869 907 887 ε
919 867 996 887 cum-

1045 261 1091 287 καὶ
1106 260 1154 295 τὴν
1169 260 1331 297 γραοπρεπῆ
1343 260 1407 295 παρ’
1430 258 1542 292 Ἡσιόδῳ
1557 257 1704 291 Θεογονίαν
1724 258 1835 292 ἀσμενι-

1045 306 1167 341 ζόμενος.
1192 305 1300 341 Ἐπειδὴ
1321 306 1349 332 δὲ
1363 305 1411 340 τὴν
1430 304 1479 339 τῆς
1502 303 1661 339 Ἑλληνικῆς
1679 303 1772 335 ἀνοίας
1790 303 1834 330 καὶ

1047 353 1130 388 μέθης
1152 353 1235 388 ἀχλὺν
1252 354 1268 388 ἡ
1289 353 1372 378 πᾶσιν
1388 350 1542 388 ἀνθρώποις
1565 351 1729 384 ἐπιφανεῖσα
1745 350 1832 385 σωτή-

1046 408 1102 436 ριος
1118 399 1195 435 χάρις
1212 399 1391 430 ἀπεσκέδασε,
1407 398 1454 425 καὶ
1473 398 1564 424 πᾶσαν
1583 396 1637 423 ἀπὸ
1654 397 1705 431 γῆς
1731 395 1833 422 είδωλι-

1046 445 1096 481 κὴν
1110 445 1216 472 καθεῖλε
1231 445 1344 479 πλάνην,
1362 444 1409 471 καὶ
1424 443 1575 478 πανταχόσε
1588 443 1638 478 τῆς
1655 442 1834 477 οἰκουμένης,

1045 489 1089 518 θ’ίά
1109 501 1181 523 τινες
1198 492 1273 518 ἀετοὶ
1287 491 1490 527 τανυσίπτεροι,
1506 489 1676 524 διιπτάμενοι
1690 489 1737 515 καὶ
1750 488 1837 514 διαθέ-

1045 546 1119 570 οντες
1131 539 1154 564 οἱ
1171 537 1218 564 τοῦ
1234 537 1301 564 Θεοῦ
1318 537 1363 564 καὶ
1378 536 1505 572 Σωτῆρος
1523 535 1602 571 ἡμῶν
1617 534 1736 571 Χριστοῦ
1753 533 1837 569 μαθη-

1045 583 1089 610 ταὶ
1104 583 1142 618 τῷ
1160 584 1209 619 τῆς
1232 583 1396 617 θεογνωσίας
1418 582 1487 617 φωτὶ
1507 582 1552 608 τὸν
1573 582 1674 617 κόσμον
1696 581 1835 616 κατηύγα-

1047 638 1096 656 σαν
1105 637 1111 644 ·
1127 629 1173 656 καὶ
1191 628 1295 661 Παῦλος
1305 629 1359 655 τῶν
1374 627 1506 662 θεολόγων
1521 629 1535 654 ὁ
1555 628 1709 664 κράτιστος,
1722 627 1770 654 καὶ
1783 627 1836 654 τῶν

1047 675 1131 702 ἐθνῶν
1145 676 1159 702 ὁ
1186 675 1321 706 θειότατος
1344 674 1502 706 ἀπόστολος,
1520 674 1537 709 ή
1559 674 1752 710 οὐρανομήκης
1772 673 1837 699 σαλ-

1047 721 1121 756 πιγξ,
1137 721 1168 747 τὸ
1182 721 1277 753 σκεῦος
1296 721 1346 756 τῆς
1368 721 1493 756 ἐκλογῆς,
1514 721 1573 752 ταῖς
1599 720 1723 755 Ἀθήναις
1740 720 1838 755 ὲπεδή-

1048 775 1128 802 μησε,
1155 767 1290 799 σαλπίζων
1305 767 1335 793 τὸ
1359 767 1527 801 σωσίκοσμον
1553 766 1599 792 καὶ
1619 765 1763 801 φερέσϐιον
1784 767 1837 801 κή-

1047 821 1150 849 ρυγμα,
1165 814 1212 840 καὶ
1226 813 1255 840 τὸ
1269 813 1339 839 θεῖον
1350 813 1397 839 καὶ
1410 812 1568 839 δεσποτικὸν
1584 811 1724 847 βαστάζων
1740 811 1836 847 όνομα,

1047 860 1094 886 καὶ
1108 860 1167 886 κατ’
1184 859 1290 885 εἴδωλον
1312 859 1361 894 τὴν
1378 860 1407 885 ὲν
1423 860 1483 890 ταῖς
1512 858 1645 894 Ἑλληνίσι
1666 858 1838 894 προῦχουσιν

209 915 263 942 que
286 910 409 934 cerneret
436 906 586 938 civitatem,
616 913 676 942 quae
702 905 808 932 czeteris
838 903 995 932 Graecorum

1050 905 1140 931 πόλεσι
1154 905 1326 940 τεθεαμένος,
1339 905 1385 931 καὶ
1398 904 1436 940 τῷ
1453 904 1535 940 θεῑκῷ
1550 904 1736 940 πυρποληθεὶς
1752 905 1838 939 ζήλῳ,

210 952 337 979 omnibus
352 955 511 986 antestaret,
530 951 738 978 simulacrorum
754 950 834 986 363
850 950 935 977 cultui
949 950 997 978 de-

209 999 305 1031 dilam,
321 1006 415 1026 amore
431 999 524 1026 divino
540 1006 700 1029 succensus,
715 998 812 1024 ardore
826 997 942 1032 quodam
957 997 997 1024 ci-

210 1044 322 1071 vitatem
339 1044 480 1078 ingressus
497 1047 556 1075 est,
575 1047 602 1071 et
624 1051 686 1070 cum
706 1042 827 1077 Jud:cos,
843 1047 900 1070 tum
922 1042 990 1071 Grat-

210 1097 268 1121 cos,
286 1090 424 1124 sapientes
447 1093 475 1116 et
488 1089 629 1121 indoctos,
645 1097 824 1124 quoscunque
841 1090 936 1117 obvios
949 1091 994 1118 ha-

210 1135 279 1165 buit.
288 1131 455 1170 argumentis
464 1135 592 1170 impetere
601 1135 694 1170 cepit,
701 1135 847 1171 Jesumque
853 1136 898 1172 qui
907 1144 956 1165 nos
964 1126 998 1174 ab9

210 1180 380 1214 impostoris,
389 1180 542 1211 homicida,
552 1180 735 1215 draconisque
743 1181 896 1216 tyrannide,
910 1181 999 1208 morte

211 1233 242 1252 ac
252 1226 531 1257 interituvindicarat,
543 1230 570 1253 et
584 1229 754 1253 mortuorum
767 1226 998 1254 resurrectionem

211 1271 280 1299 iretis
294 1271 426 1306 auspiciis
435 1272 580 1299 nuntiavit.
596 1272 629 1298 At
644 1271 804 1307 Epicureos,
812 1275 838 1299 et
853 1272 899 1307 qui
916 1280 1000 1308 apor-

211 1318 267 1344 ticu
281 1317 397 1352 picturis
414 1318 552 1353 variegata
567 1326 666 1345 nomen
686 1309 861 1352 acceperunt,
883 1325 952 1345 nova
971 1323 998 1345 et

211 1363 333 1391 inaudita
350 1371 381 1391 ac
396 1364 500 1391 caelesti
519 1364 653 1399 sapientia
668 1365 696 1391 in
713 1364 852 1399 ingentem
877 1364 997 1391 admira-

211 1411 313 1437 tionem
323 1411 444 1437 attraxit.
455 1410 487 1438 Et
505 1412 538 1438 ad
546 1410 769 1446 Areopagitarum
778 1409 912 1445 judicium
924 1410 998 1437 dela-

211 1461 265 1488 tus,
276 1456 404 1491 ipsosque
411 1456 517 1491 judices
526 1456 647 1483 omnium
661 1456 886 1487 maximc,omnes
893 1455 1000 1483 caelesti

211 1503 275 1530 huic
282 1504 461 1539 philosophia:
469 1504 589 1530 animum
596 1503 738 1530 intendere
753 1502 997 1537 suaviter,induxit.

1048 951 1156 987 θερμῶς
1169 951 1218 987 τὴν
1233 951 1308 978 πόλιν
1321 950 1513 986 είσεληλακὼς,
1531 950 1599 986 πρὸς
1617 951 1680 982 τοὺς
1696 959 1841 987 παρατυγ-

1048 997 1178 1033 χάνοντας
1199 997 1341 1029 Ἰουδαίους
1357 1006 1386 1024 τε
1402 998 1448 1024 καὶ
1464 997 1607 1034 Ἕλληνας,
1626 998 1726 1033 σοφούς
1744 1007 1774 1024 τε
1792 999 1842 1025 καὶ

1050 1043 1156 1075 ἰδιώτας
1172 1044 1326 1077 διείλεκται,
1344 1044 1391 1071 καὶ
1414 1043 1459 1070 τὸν
1484 1044 1534 1079 τῆς
1557 1044 1604 1070 τοῦ
1628 1044 1771 1071 δελεαστοῦ
1793 1045 1840 1071 καὶ

1048 1089 1223 1125 βροτοκτόνου
1240 1090 1286 1116 καὶ
1299 1090 1444 1126 δράκοντος
1454 1090 1617 1125 τυραννίδος,
1630 1090 1676 1116 τοῦ
1685 1099 1714 1116 τε
1722 1091 1840 1117 θανάτου

1049 1135 1161 1169 καὶτῆς
1185 1135 1287 1170 φθορᾶς
1310 1135 1488 1172 λυτρούμενον
1516 1135 1629 1170 Ἰησοῦν,
1652 1136 1699 1162 καὶ
1719 1136 1769 1172 τὴν
1786 1137 1843 1163 τῶν

1050 1181 1154 1216 νεκρῶν
1171 1181 1319 1208 ἀνάστασιν
1339 1181 1544 1217 εὐηγγελίσατο,
1560 1182 1607 1208 καὶ
1629 1183 1691 1214 τοὺς
1707 1182 1737 1215 ἐξ
1764 1182 1843 1210 Ἐπι-

1050 1226 1146 1262 κοὺρου
1164 1227 1209 1254 καὶ
1226 1228 1289 1259 τοὺς
1307 1228 1358 1263 τῆς
1378 1228 1506 1263 Ποικίλης
1526 1230 1606 1261 στοᾶς
1624 1229 1787 1264 φιλοσόφους
1806 1231 1842 1265 τῇ

1066 1273 1112 1309 ένῃ
1150 1273 1196 1299 καὶ
1218 1273 1366 1309 ἀπορρήτῳ
1384 1272 1430 1299 καὶ
1456 1273 1632 1311 ὑπερκοσμίῳ
1658 1275 1739 1310 σοφία
1761 1276 1844 1301 κατέ-

1049 1319 1215 1354 πληξε,κὰπὶ
1224 1319 1270 1346 τοῦ
1285 1319 1389 1355 Ἀρείου
1398 1320 1485 1354 πάγου
1497 1321 1636 1357 κριτήριον
1645 1321 1843 1357 ἀπενήνεκται,

1050 1365 1096 1392 καὶ
1108 1365 1171 1397 τοὺς
1188 1365 1314 1392 ἁπάντων
1326 1365 1548 1401 ὑπερακοντίζειν
1561 1367 1707 1403 φιλοσοφίᾳ
1723 1369 1846 1403 κατεκήο

1050 1410 1141 1446 λησεν·
1155 1411 1254 1437 αὐτίκα
1268 1410 1404 1442 Διονύσιος
1417 1411 1521 1447 ἀπέστη
1537 1412 1585 1447 τῆς
1598 1412 1784 1448 βορϐορώδους
1794 1413 1846 1448 τῆς

1054 1456 1247 1491 είδωλομανίας
1263 1457 1376 1493 λίμνης,
1394 1458 1441 1484 κα¹ι
1456 1458 1555 1493 Παύλῳ
1579 1459 1618 1494 τῷ
1645 1458 1752 1485 πνέοντι
1768 1459 1846 1486 θείαν

1053 1503 1166 1530 εὐωδίαν
1182 1504 1328 1540 ἐκολλήθη·
1345 1505 1508 1541 ἀπεσπάσθη
1526 1505 1581 1532 τῶν
1596 1506 1647 1541 τῆς
1659 1506 1769 1541 ἀπάτης
1786 1508 1846 1533 εἰσ-

211 1549 280 1577 Tum
301 1549 448 1585 Dionysius
465 1549 611 1577 confestim
631 1557 646 1575 a
658 1549 742 1582 luteo,
757 1552 784 1576 et
797 1549 897 1576 insano
916 1548 998 1583 quasi

1050 1548 1176 1584 ηγητῶν,
1203 1548 1248 1576 καὶ
1268 1550 1308 1585 τῷ
1327 1551 1377 1586 τῆς
1400 1550 1527 1586 ἀληθείας
1553 1552 1656 1588 κήρυκι
1675 1552 1845 1588 προσεδέθη”

212 1596 424 1623 simulacrorum
448 1599 545 1631 stagno
570 1595 739 1627 desciscens,
764 1594 850 1621 Paulo
875 1594 997 1622 divinum

213 1642 324 1669 odorem
340 1642 462 1669 exerenti
477 1641 626 1676 adjunctus
643 1645 696 1668 est.
711 1640 753 1668 Ab
775 1640 956 1676 interpretum
972 1643 999 1667 et

213 1688 377 1722 scriptorum
394 1688 506 1715 avulsus
518 1695 620 1719 errore,
638 1686 758 1722 praeconi
770 1686 892 1714 veritatis
908 1685 999 1712 adhae-

213 1734 259 1762 sit.
275 1733 297 1760 Δ
311 1733 448 1768 profundo
462 1733 658 1761 internecionis
672 1732 795 1765 emersit,
815 1736 842 1760 ct
857 1731 891 1759 ad
903 1731 999 1759 salutis

212 1779 404 1807 celsitudinem
418 1780 546 1807 evolavit.
563 1779 585 1805 A
601 1780 721 1807 tenebris
735 1778 882 1814 impietatis
893 1778 1001 1805 absces-

213 1825 260 1855 sit.
279 1828 306 1852 et
331 1824 364 1851 ad
387 1825 552 1859 cognitionis
573 1825 673 1852 divina:
694 1826 786 1852 lumen
808 1824 954 1851 concessit.
977 1823 1000 1850 A

213 1879 277 1900 vera
301 1871 418 1899 stultitia
443 1871 477 1898 ad
500 1879 591 1899 veram
610 1871 806 1898 beatitudinem
830 1871 999 1905 properavit.

214 1917 300 1944 Belial
313 1917 410 1943 mortis
421 1916 560 1951 pararium
576 1916 666 1943 valere
676 1916 770 1951 jussit,
784 1920 810 1943 et
822 1916 884 1943 vita:
895 1916 1000 1944 auctori

214 1966 242 1990 et
258 1962 375 1997 principi
393 1961 503 1989 Christo
522 1969 551 1989 se
566 1962 719 1996 conjunxit.
736 1961 922 1997 luspuritatem
944 1961 1000 1988 dae-

214 2016 326 2036 monum
348 2008 540 2040 abominatus,
558 2009 717 2044 angelorum
734 2008 906 2035 sanctitatem
925 2015 1001 2035 com-

215 2054 311 2089 plexus
321 2057 373 2081 est.
386 2053 499 2081 Luteam
510 2054 603 2081 mundi
618 2053 758 2081 materiam
770 2053 901 2085 excussit,
911 2057 938 2080 et
946 2061 1002 2081 ca:-

216 2100 285 2127 lcste
298 2100 407 2127 vivendi
426 2100 582 2127 institutum
605 2099 727 2135 appetiit.
753 2099 822 2126 Cum
842 2099 914 2126 enim
938 2107 1002 2134 spe-

217 2145 355 2172 ctaculum
380 2145 469 2173 factus
485 2149 559 2173 esset
575 2146 635 2181 (per
651 2145 767 2172 Paulum
782 2145 926 2180 splendore
938 2153 1001 2172 cum

217 2186 358 2218 cherubim
373 2195 535 2225 certantem,
550 2196 644 2227 utpote
658 2191 798 2219 Christum
812 2191 858 2226 qui
871 2190 998 2218 scdetsu-

1050 1595 1152 1631 ἀνήχθη
1174 1598 1221 1622 τοῧ
1237 1597 1287 1632 τῆς
1310 1598 1446 1630 ἀπωλείας
1463 1598 1556 1634 βυθοῦ,
1574 1599 1620 1625 καὶ
1645 1599 1713 1635 πρὸς
1735 1599 1767 1625 τὸ
1793 1600 1849 1635 τῆς

1051 1641 1186 1676 σωτηρίας
1204 1641 1270 1676 ὕψος
1293 1643 1413 1679 ἀνέπτη·
1431 1644 1599 1680 ἀπεφοίτησε
1622 1645 1669 1671 τοῦ
1683 1645 1733 1680 τῆς
1749 1645 1850 1678 ἁθεῖας

1050 1686 1141 1722 ζόφου,
1157 1688 1203 1715 καὶ
1218 1689 1257 1724 τῷ
1271 1689 1320 1725 τῆς
1335 1689 1499 1724 θεογνωσίας
1523 1691 1593 1724 φωτὶ
1610 1691 1847 1726 προσεφοίτησεν·

1050 1733 1206 1771 ἀνεχώρησε
1226 1735 1277 1770 τῆς
1298 1734 1335 1766 ὡς
1355 1735 1462 1771 ἀληθῶς
1479 1737 1668 1772 ματαιότητος,
1684 1737 1731 1763 καὶ
1746 1738 1782 1772 τῇ
1803 1738 1851 1763 δν-

1049 1788 1103 1811 τως
1126 1781 1304 1817 μακαριότητι
1327 1782 1551 1818 προσεχώρησεν·
1571 1783 1723 1815 ἀπετάξατο
1739 1783 1779 1818 τῷ
1797 1783 1850 1810 τοῦ

1050 1826 1165 1853 θανάτου
1184 1827 1304 1864 προξένῳ
1319 1828 1426 1864 Βελίαρ,
1442 1829 1488 1856 καὶ
1502 1829 1540 1864 τῷ
1552 1829 1601 1864 τῆς
1615 1829 1686 1865 ζωῆς
1703 1831 1785 1866 αἰτίῳ
1799 1832 1851 1858 καὶ

1051 1875 1160 1910 χορηγῷ
1184 1876 1294 1912 Χριστῷ
1323 1876 1501 1909 συνετάξατο·
1529 1876 1688 1909 ὲὸδελύξατο
1710 1878 1762 1913 τὴν
1790 1878 1852 1904 τῶν

1050 1920 1183 1956 δαιμόνων
1198 1922 1378 1959 ἀκαθαρσίαν,
1392 1922 1438 1949 καὶ
1455 1922 1503 1958 τὴν
1520 1923 1574 1949 τῶν
1590 1923 1711 1957 ἀγγέλων
1730 1924 1852 1958 ἁγνείαν

1051 1967 1207 2001 ἠσπάσατο·
1225 1968 1405 2001 ἀπετινάξατο
1422 1969 1471 2005 τὴν
1488 1968 1583 2004 ἰλυώδη
1600 1970 1736 2005 κοσμικὴν
1760 1970 1852 2006 ὕλην,

1052 2014 1098 2041 καὶ
1118 2014 1167 2050 τὴν
1185 2015 1263 2042 sum
1276 2015 1367 2051 βιοτὴν
1386 2015 1595 2052 ὲνηγκαλίσατο.
1613 2016 1769 2052 Ἕσοπτρον
1790 2018 1853 2054 γὰρ

1052 2059 1171 2094 γεγονὼς
1185 2060 1307 2088 δεκτικὸν
1322 2061 1371 2096 τῆς
1391 2061 1434 2088 διὰ
1455 2062 1560 2088 Παύλου
1577 2062 1625 2088 τοῦ
1641 2062 1679 2097 τῷ
1692 2063 1854 2099 χερουεικῷ

1053 2105 1140 2142 θρόνῳ
1158 2106 1344 2142 ἁμιλλωμένου
1368 2109 1402 2142 τῇ
1429 2107 1618 2143 λαμπρότητι,
1646 2108 1694 2135 ἆτε
1724 2109 1855 2145 Χριστὸν

1052 2152 1107 2179 τῶν
1129 2152 1260 2188 χερουϐιμ
1283 2154 1465 2189 ἐποχούμενον
1489 2154 1600 2181 ἔναυλον
1623 2154 1749 2190 ἔχοντος,
1770 2155 1853 2181 ἀττα-

1054 2199 1243 2235 στραπτούσης
1267 2201 1388 2232 ἀκτῖνος,
1414 2201 1461 2227 καὶ
1484 2201 1535 2236 τῆς
1552 2201 1722 2236 ἐνδιδομένης
1745 2201 1856 2238 αἴγλης

218 2243 265 2270 per
285 2237 425 2264 cherubim
439 2238 611 2265 insonantem
628 2237 741 2264 auribus
758 2236 926 2272 habentem),
943 2244 990 2271 spe

1057 2245 1307 2282 ἀποπληρούμενον,
1324 2246 1523 2282 κατηύγασται,
1539 2247 1587 2274 καὶ
1598 2247 1657 2278 ὅλος
1671 2246 1718 2282 ὅλῃ
1743 2249 1777 2282 τῇ
1795 2248 1855 2282 Lixu-

218 2282 309 2308 culum
323 2290 410 2318 capax
423 2283 551 2319 fulgentis
564 2283 693 2319 principii
707 2283 819 2311 luminis
833 2285 860 2310 et
874 2281 1002 2309 divinita.

219 2327 254 2355 tis
268 2329 390 2356 auctoris
405 2329 476 2356 radii
498 2329 704 2364 crescentisque
721 2330 791 2357 lucis
812 2329 922 2364 plenum
940 2327 1002 2354 illu-

218 2377 321 2401 stratus
336 2378 388 2401 est.
400 2374 449 2401 Cui
464 2374 546 2402 etiam
559 2375 618 2410 ipse
631 2378 707 2403 totus
720 2376 811 2402 animo
824 2378 892 2406 toto,
902 2373 1004 2408 cogita-

218 2421 293 2447 tione
316 2428 347 2447 ac
369 2420 452 2447 corde
476 2421 635 2455 praeceptori
659 2420 843 2455 agglutinalus
863 2424 915 2447 est.
941 2419 1002 2450 Cui,

219 2473 300 2500 quam
315 2465 412 2500 ingens
427 2465 551 2499 praeclari
566 2465 681 2499 hujusce
695 2465 746 2492 viri
762 2465 845 2492 animi
859 2465 1004 2499 propensio

219 2511 271 2538 fuit
284 2511 442 2546 apostolicae
457 2511 495 2538 illi
510 2519 542 2538 ac
556 2511 678 2539 divinum
693 2512 784 2539 lumen
798 2511 924 2547 largienti
936 2520 1005 2547 prae-

220 2557 351 2584 dicationi
371 2557 569 2592 suscipiendae?
584 2557 761 2585 Obedientem
779 2562 807 2585 et
827 2557 1004 2586 illuminatis—

220 2604 320 2631 sinium
339 2603 460 2630 animum
482 2603 575 2635 illum,
600 2603 646 2638 qui
668 2603 796 2631 facillime
812 2603 953 2638 doctrinm]
974 2613 1006 2632 ac

220 2649 411 2685 praeceptionis
428 2649 589 2684 evangelicae
601 2654 682 2676 notas
698 2656 730 2676 ac
743 2650 820 2685 signa
839 2651 927 2685 prima
941 2652 1006 2678 reti-

220 2695 290 2722 nuit.
305 2694 328 2722 Ο
342 2702 389 2722 cor
405 2693 494 2727 facile,
511 2699 538 2722 et
560 2695 595 2722 ab
608 2695 683 2722 omni
698 2697 790 2723 carnis
812 2696 910 2724 all‘ectu
926 2698 1007 2725 undi-

218 2749 274 2776 que
288 2742 424 2773 avulsum,
439 2741 512 2776 quod
527 2749 660 2776 corporea
680 2742 754 2768 omni
775 2743 1007 2771 demonstratione

222 2785 333 2819 rejecta,
348 2786 445 2812 salutis
458 2786 596 2819 praeconio
607 2786 733 2813 celeriter
744 2788 869 2819 credidit,
883 2793 909 2816 et
922 2788 1006 2817 Paulo

221 2831 312 2858 divina
326 2831 495 2866 praedicanti,
511 2833 628 2867 caelique
648 2834 753 2860 cursori
770 2835 804 2861 ad
822 2836 947 2864 caelestes
961 2844 1006 2864 se-

223 2877 271 2904 des
283 2878 445 2914 provchcnti
460 2886 489 2906 se
500 2879 652 2914 conjunxit.
667 2878 689 2906 Ο
706 2879 822 2908 fertilem
837 2887 862 2909 et
877 2882 1005 2918 pinguem

1054 2291 1100 2325 χῇ,
1111 2291 1158 2317 καὶ
1169 2291 1283 2328 διανοίᾳ,
1295 2292 1342 2319 καὶ
1357 2292 1456 2328 καρδίᾳ
1471 2292 1509 2328 τῷ
1518 2293 1670 2328 διδασκάλῳ
1678 2294 1859 2328 προσλῖκὸλ-

1053 2335 1142 2371 ληται.
1160 2336 1245 2363 Βαϐαὶ
1262 2337 1312 2372 τῆς
1321 2337 1367 2363 τοῦ
1383 2337 1515 2373 ἀριστέως
1531 2338 1625 2363 τούτου
1640 2337 1706 2373 πρὸς
1724 2337 1775 2373 τὴν
1798 2338 1858 2374 τῆς

1054 2383 1234 2418 ἀποπολικῆς
1252 2383 1411 2420 φωτοδὼρου
1430 2384 1619 2420 παραινέσεως
1634 2383 1768 2420 ὑποδοχὴν
1786 2385 1859 2411 επις

1054 2427 1242 2463 τηδειότητοςῑ
1263 2429 1349 2455 Βαΰαὶ
1370 2429 1421 2463 τῆς
1435 2430 1559 2456 εὐείκτου
1578 2431 1625 2457 καὶ
1646 2430 1859 2467 διαυγεστάτης

1054 2474 1144 2511 ψυχῆς
1154 2475 1271 2510 ἐκείνης,
1289 2476 1338 2511 τῆς
1350 2477 1435 2511 ῥᾷστα
1446 2476 1495 2508 τὰς
1507 2476 1562 2502 τῶν
1579 2476 1741 2512 ἀρχετύπων
1757 2485 1859 2512 σφρα-

1054 2517 1136 2552 γίδων
1154 2518 1209 2545 τῶν
1223 2519 1405 2553 εὐαγγελικῶν
1421 2520 1592 2556 διδαγμάτων
1604 2520 1773 2552 ὲκτυπὼσεις
1786 2522 1862 2548 ἀνα-

1056 2564 1235 2600 μαξαμένηςῐ
1263 2565 1347 2592 Βαϐα).
1371 2565 1421 2601 τῆς
1442 2566 1556 2602 καρδίας
1577 2567 1627 2602 τῆς
1653 2567 1778 2599 εὐπετῶς
1806 2569 1861 2594 καὶ

1056 2611 1261 2647 ἀνεπιστρόφως
1279 2611 1370 2648 πάσης
1391 2613 1525 2648 σαρκικῆς
1550 2613 1737 2650 προσπαθείας
1761 2614 1859 2650 ἀπορ-

1057 2657 1196 2690 ραγείσης,
1215 2656 1260 2683 καὶ
1276 2658 1405 2684 παντοίαν
1418 2658 1512 2694 ὐλικὴν
1525 2659 1642 2694 ἔμφασιν
1659 2660 1860 2696 ἀποσεισαμέ-

1056 2711 1114 2737 νης,
1135 2703 1181 2729 καί
1193 2702 1232 2738 τῷ
1249 2703 1413 2739 σωτηριώδει
1430 2703 1526 2731 θᾶττον
1538 2706 1722 2741 πιστευσάσης
1741 2715 1776 2742 κη
1782 2707 1860 2744 967-

1058 2756 1132 2783 ματι,
1148 2749 1194 2774 καὶ
1205 2748 1243 2784 τῷ
1261 2749 1383 2785 θεηγόρῳ
1393 2749 1432 2784 τῷ
1445 2750 1512 2786 πρὸς
1526 2750 1575 2782 τὰς
1589 2751 1733 2786 οὐρανίους
1756 2761 1863 2788 χειρα-

1057 2792 1190 2826 γωγοῦντι
1213 2793 1307 2828 μονὰς,
1323 2794 1511 2830 οὐρανοδρόμῳ
1532 2794 1629 2830 Παύλῳ
1648 2793 1860 2833 κολληθείσηςῖ

1057 2838 1141 2864 Βαϐαὶ
1156 2838 1206 2872 τῆς
1228 2839 1333 2873 εὐγείου
1361 2839 1406 2866 καὶ
1424 2840 1514 2871 πίονος
1530 2841 1783 2880 ωητῆςΙὰρούρας,
1806 2844 1865 2879 τῆς

1056 2883 1102 2910 τὸν
1119 2883 1232 2916 ζωτικὸν
1248 2885 1494 2922 ὲγκολπωσαμένης
1517 2887 1626 2921 σπόρον,
1645 2888 1693 2914 καὶ
1712 2889 1865 2926 πολύχουν
