1950 3065
131 178 188 207 625

609 179 701 213 νιτΑ,
720 180 882 209 AUCTORE
900 180 1255 219 MlCHAELEfSYNGELO.

1704 186 1756 214 626

132 237 332 269 ἀναδεδωκυίας
349 237 396 264 καὶ
416 237 608 272 εὐγενέστατον
630 240 767 275 ἄσταχυνί
786 239 843 266 Οὐκ
858 239 899 265 ἀνι

950 256 955 269 ,
970 242 1081 272 terram,
1099 239 1214 268 rationis
1228 247 1366 275 capacem,
1380 249 1440 276 quae
1452 246 1602 270 sementem
1616 243 1678 271 vitae
1692 244 1756 272 sinu

131 283 252 318 χαίτισεν
260 283 339 310 αὐτὸν
352 284 469 320 ἀρχικῆς
476 293 506 311 τε
517 285 562 311 καὶ
573 285 731 320 δικαστικῆς
739 285 817 320 δόξης
825 285 914 319 ὃγκος·

131 329 181 355 οὐκ
207 329 383 365 ἀνεσείρασεν
408 330 488 356 αὑτὸν
513 331 613 365 φιλίας,
637 331 685 358 καὶ
706 331 851 367 ὁμηλικίας
871 331 917 358 καὶ

131 375 274 411 συνηθείας
287 375 382 408 πόθος·
397 377 447 403 οὐκ
459 377 574 413 ἐπέσχεν
589 377 669 404 αὑτὸν
690 377 790 412 γονέων
805 378 851 404 καὶ
867 378 917 413 ἀγ-

129 420 253 456 χιστέων,
271 421 317 448 καὶ
332 422 466 457 όμεστίων
479 424 638 460 τυραννικὸς
654 424 740 460 ἔρως·
757 424 807 451 οὐκ
821 423 915 460 ἔδησεν

129 467 210 494 αὐτὸν
223 468 400 496 πολυπλόκων
416 470 563 506 χρημάτων
580 470 626 496 καὶ
642 470 789 506 κτημάτων
804 470 915 505 μανικὸς

127 511 247 550 οἶστρος·
267 515 318 541 οὐκ
334 515 487 550 ἐχαύνωσεν
506 515 587 542 αὑτὸν
600 516 732 551 σωμάτων
745 515 824 552 ἡδονή
836 524 842 530 ·
864 516 914 542 οὐκ

127 558 255 594 ἐθήλυνεν
289 560 370 587 αὑτὸν
400 561 570 597 ἁϐροδιαίτου
604 561 695 597 βιοτῆς
729 563 775 588 καὶ
807 562 914 598 τρυφῆς

127 604 232 640 ἔφεσις·
253 607 321 634 ἀλλὰ
345 608 395 643 τῆς
425 607 472 635 τοῦ
501 609 620 644 κήρυκος
647 609 828 644 θεοφθέγκτου
857 617 913 643 φω-

126 652 174 687 νῆς
200 652 342 687 ἀκηκοιέδς,
368 654 414 680 καὶ
443 654 515 689 πρὸς
538 655 614 681 οὐδὲν
639 654 692 680 τῶν
724 655 774 681 ὅσα
799 654 912 689 βροτοὺς

123 697 236 734 τέρπειν
251 698 345 725 εἴωθεν
368 700 574 736 προσεσχηκώς,
592 700 689 736 ἀθρόον
720 699 794 735 αὐτῷ
817 700 911 736 κολλη-

124 743 214 778 θῆναι,
240 744 364 780 καθάπερ
382 746 506 782 μαγνήτῃ
524 745 641 781 σίδηρος,
660 746 818 772 ἐσπούδακε.
840 746 911 772 Θαυ-

125 789 246 825 μάζομεν
257 791 284 817 δὲ
299 791 344 817 τὸν
356 792 528 827 πατριάρχην
550 792 683 827 Ἁϐραάμ,
698 792 737 828 τῷ
748 792 808 828 Θεῷ
826 801 909 829 προσ-

121 837 248 871 τεταχότι
270 837 319 872 τῆς
332 839 450 874 πατριᾶς
467 838 513 864 καὶ
532 838 660 874 πατρίδος
674 838 840 874 ἀποικῆσαι,
862 839 909 866 καὶ

122 883 162 914 εἰς
176 883 326 919 ἀλλοδαπὴν
339 884 476 919 ἄγνωστον
493 885 657 918 στείλασθαι,
669 885 904 921 πειθαρχήσαντα-

967 285 1090 321 suscepit
1102 293 1152 314 suo
1166 285 1374 322 fecundamque
1390 295 1422 315 ac
1433 289 1629 317 nobilissimam
1641 290 1755 319 aristam

968 332 1105 367 produxit.
1124 332 1183 359 Non
1203 332 1279 359 illum
1294 341 1356 360 cum
1378 334 1548 369 principatus
1574 336 1677 371 gloria,
1696 341 1755 364 tum

966 377 1049 414 364
1060 378 1213 414 amplitudo
1226 379 1393 413 iudiciorum
1406 381 1489 408 veluti
1500 381 1567 416 juba
1589 386 1696 418 arrepta
1710 391 1754 410 re-

965 423 1082 456 vocavit,
1099 432 1153 452 non
1170 425 1321 452 amicorum
1335 429 1362 453 et
1373 433 1528 454 coaevorum
1544 428 1754 457 consuetudinis

965 470 1129 498 desiderium
1143 470 1220 498 illum
1236 471 1359 499 retraxit.
1375 471 1434 500 Non
1446 473 1583 502 violentus
1595 478 1751 510 parentum,

964 521 1134 552 agnatorum,
1151 516 1418 553 domesticorumque
1429 527 1504 547 amor
1518 520 1683 554 retardavit;
1696 528 1752 549 non

964 562 1077 590 insanus
1086 562 1241 590 divitiarum
1257 571 1288 590 ac
1295 566 1499 599 possessionum
1508 567 1592 594 variis
1602 567 1690 595 modis
1699 567 1753 596 im-

963 608 1122 643 plicantium
1137 609 1213 636 furor
1224 610 1328 645 ligavit.
1344 610 1402 639 Non
1419 612 1494 639 illum
1512 620 1657 648 corporum
1669 614 1750 641 volu-

962 659 1022 689 ptas
1034 655 1158 683 emolliit.
1172 655 1231 682 Non
1248 656 1371 685 delicatae
1384 658 1457 692 vitm,
1473 658 1687 695 deliciarumque
1701 659 1750 688 de-

962 700 1094 728 siderium
1111 701 1187 728 illum
1202 700 1379 737 effeminavit,
1396 704 1444 732 sed
1467 711 1530 732 cum
1545 706 1681 740 przeconis
1700 713 1749 733 vo-

961 753 1020 773 cem
1035 746 1127 774 divina
1140 747 1281 782 loquentis
1293 749 1426 781 audisset,
1437 750 1529 778 omnia
1540 759 1600 786 quae
1612 751 1749 780 oblectare

960 792 1091 820 mortales
1104 798 1317 827 consueverunt,
1328 793 1403 822 nihili
1416 795 1532 829 ducens,
1548 805 1602 825 non
1620 805 1701 826 secus
1716 806 1748 825 ac

960 837 1078 871 magneti
1093 836 1207 870 ferrum,
1223 837 1261 864 illi
1274 839 1419 867 confestim
1431 842 1617 871 adhaerescere
1631 843 1745 872 studuit.

958 881 1096 908 Abraham
1117 883 1227 918 quidem
1252 886 1435 920 patriarcham
1458 888 1588 916 admirari
1609 889 1744 923 solemus,

122 928 168 954 καὶ
186 929 258 963 μάλα
278 929 397 961 δικαίως.
420 930 611 966 Ἑκθειάζομεν
631 930 658 957 δὲ
675 931 721 957 καὶ
817 931 899 957 Ἐλισ-

956 934 1017 954 cum
1033 927 1099 961 Deo,
1116 932 1146 956 ut
1156 937 1172 957 e
1183 931 1347 965 cognatione
1363 939 1394 959 ac
1409 933 1497 968 patria
1512 934 1598 962 exiret
1610 943 1659 967 sua
1670 955 1677 968 ,
1697 944 1746 964 ex-

121 975 205 1006 σαῖον,
228 974 262 1001 τὰ
279 973 361 1011 ζεύγη
379 975 433 1002 τῶν
451 975 520 1011 βοῶν
545 976 766 1010 καταλελοιπότα,
788 977 835 1003 καὶ
854 976 904 1012 τὴν

119 1020 248 1056 πατρῴαν
261 1021 363 1057 χαίρειν
373 1022 463 1048 ἑστίαν
474 1022 600 1055 ἐάσαντα,
615 1023 662 1049 καί)⁸
682 1023 758 1059 Ἠλίᾳ
775 1023 814 1059 τῷ
826 1032 904 1049 πνευ-

120 1066 265 1103 ματοφόρῳ
287 1066 393 1103 ζηλωτῇ
418 1068 564 1104 κεκληκότι
584 1068 674 1104 πάσης
690 1069 756 1105 ἄτερ
772 1069 903 1105 ἀναϐολῆς

118 1111 334 1148 ἠκολουθηκότα·
354 1114 401 1140 καὶ
416 1113 476 1140 λίαν
490 1114 611 1146 ἐνδίκως.
633 1114 764 1142 Φίλιππον
779 1114 811 1142 αὖ
825 1116 903 1142 ἐπαί-

118 1166 173 1189 νοις
197 1156 349 1194 ὲξαίρομεν,
381 1159 466 1195 Ἰησοῦ
491 1159 531 1195 τῷ
554 1160 605 1195 τῆς
629 1161 764 1197 σωτηρίας
790 1161 903 1197 ἀρχηγῷ

117 1205 331 1241 προκεκλημένῳ
356 1207 448 1241 τάχιον
474 1207 676 1243 ἀναντιρρήτως
698 1208 902 1244 προσδεδραμη-

117 1250 182 1277 κάτα
207 1251 252 1278 καὶ
268 1252 427 1288 προφρόνως
441 1253 591 1288 ἑπόμενον,
618 1254 664 1281 καὶ
678 1254 901 1290 πρεπωδέστατον

115 1293 208 1328 δντως.

149 1420 246 1452 Πόσοις
256 1421 398 1457 τοιγαροῦν
407 1423 454 1450 καὶ
466 1423 552 1455 ποίοις
565 1423 668 1456 τοῦτον,
681 1424 711 1456 ὃς
721 1425 750 1451 οὺ
760 1425 900 1461 Μωσαῑκῷ

113 1468 354 1503 προκατηχημένος
366 1466 400 1503 ἦν
415 1468 498 1504 νόμῳ,
520 1470 549 1495 οὺ
566 1471 737 1506 προφητικὰς
753 1473 900 1499 πεπαιδευ-

113 1512 192 1548 μένος
209 1514 309 1548 ῥήσεις,
325 1515 373 1550 οὑχ
390 1515 534 1550 ἱστορικοῖς
548 1515 626 1543 θείων
638 1517 785 1552 τερατείων
800 1527 899 1553 προγε-

111 1560 302 1595 γυμνασμένος
332 1562 382 1593 τὰς
410 1562 494 1594 ἀκοὰς
520 1563 700 1598 διηγήμασιν,
732 1564 762 1590 οὒ
797 1567 898 1600 σημεῖα

111 1606 296 1642 προεωρακὼς
318 1609 581 1644 τερατουργούμενα,
603 1611 814 1647 καταγεραίρειν
834 1612 898 1648 κρό-

110 1658 176 1681 τοις,
193 1651 324 1686 εὐφήμοις
346 1653 512 1687 άναρῤήσεσι
534 1653 712 1687 καταστέφειν
737 1655 895 1690 ὀφείλομεν;

109 1695 184 1727 ὅπως
200 1696 360 1732 ἐτοιμότατα
381 1698 486 1725 Παύλου
502 1698 547 1726 τὸν
568 1699 670 1726 ἁπλοῦν
684 1701 839 1736 προσήκατο
855 1701 897 1727 λό-

109 1749 168 1776 γον,
182 1743 278 1778 ἀνδρὸς
293 1743 407 1775 ἰδιώτου,
422 1745 468 1771 καὶ
484 1745 607 1780 πένητος,
617 1747 664 1772 καὶ
680 1747 755 1779 ξένου
769 1748 840 1780 τινὸς
854 1748 897 1775 ὕν-

107 1796 163 1820 τος,
186 1789 217 1814 οὐ
235 1790 391 1825 ρητορικαῖς
408 1791 631 1826 κεκομψευμένου
655 1792 819 1824 δεινὼσεσιν,
836 1794 896 1820 οὑδὲ

109 1836 277 1869 σοφιστικαῖς
291 1836 486 1872 τετεχνημένου
502 1837 675 1872 προτάσεσιν,
692 1839 749 1866 ἀλλ’
762 1836 817 1866 οἶόν
834 1848 895 1866 τινα

108 1881 212 1916 σπορὰν
227 1881 266 1913 εἰς
285 1881 337 1917 γῆν
353 1882 531 1917 πρωτοὸόλως
550 1884 790 1921 καταὸεϐλημένην
806 1886 896 1920 δεδεγ-

108 1926 197 1962 μένος,
207 1927 254 1953 καὶ
264 1929 323 1954 κατ’
337 1927 412 1955 οὐδὲν
425 1928 564 1961 ἐνδοιάσας
578 1929 616 1965 τῷ
632 1929 708 1965 βάθει
720 1931 773 1957 τῶν
789 1932 894 1967 φρενῶν

106 1971 241 2006 ἐμϐαλὼν,
254 1973 403 2005 εὑθυϐὀλως
416 1974 479 2006 τοὺς
493 1974 650 2011 ζωηφόρους
661 1977 709 2012 τῆς
724 1977 839 2011 εὐαγοῦς
849 1977 894 2004 πί-

106 2025 192 2050 στεως
221 2020 344 2054 καρποὺς
367 2019 589 2058 ἐτελεσφόρησεν,
611 2022 648 2053 ὡς
675 2022 772 2058 Ἡσαΐᾳ
797 2032 894 2058 συγχο-

105 2063 195 2100 ρεύειν
217 2064 314 2100 ᾄδοντα
331 2065 471 2100 μονονουχὶ
492 2066 530 2102 τῷ
544 2066 807 2104 προϐλεπτικωτάτῳ
827 2078 893 2105 προ-

104 2110 177 2145 φήτῃ
195 2110 298 2145 βοῶντι·
321 2111 369 2138 Διὰ
383 2111 428 2138 τὸν
448 2111 528 2146 φόϐον
552 2121 609 2145 σου,
626 2113 723 2149 Κύριε,
748 2115 776 2140 ἐν
793 2117 893 2151 γαστρὶ

103 2156 245 2192 ἐλάϐομεν,
270 2157 318 2183 καὶ
332 2156 514 2193 ὡδινήσαμεν,
545 2160 593 2185 καὶ
617 2160 756 2194 ἐτέκομεν,
784 2161 892 2197 πνεῦμα

103 2203 240 2238 σωτηρίας
254 2212 300 2230 σου
317 2205 484 2239 ἐποιήσαμεν
504 2205 550 2231 ἐπὶ
567 2206 615 2241 τῆς
637 2206 698 2242 γῆς.
716 2207 808 2234 Ταῦτα
829 2208 890 2243 μένα

956 975 1135 1008 traneamque
1149 981 1181 1001 ac
1194 975 1314 1010 ignotam
1330 981 1445 1012 peteret,
1458 979 1627 1014 praecipienti
1639 980 1745 1008 obtem-

953 1021 1095 1050 perantem
1110 1018 1276 1053 audivimus,
1294 1025 1322 1049 et
1334 1022 1412 1050 valde
1428 1023 1513 1058 juste.
1533 1023 1659 1052 Elisaeum
1673 1026 1744 1054 divi-

953 1061 997 1090 nis
1011 1065 1155 1096 praeconiis
1165 1065 1315 1101 eﬂ‘erimus,
1332 1075 1395 1095 cum
1409 1069 1491 1098 boum
1503 1070 1568 1106 juga
1584 1071 1741 1108 dereliquit,

954 1115 986 1135 ac
999 1109 1165 1139 domesticos
1180 1111 1252 1140 lares
1267 1113 1344 1141 laetus
1367 1114 1481 1147 dimisit,
1510 1120 1537 1143 et
1557 1116 1643 1144 Eliam
1666 1118 1742 1145 allia-

953 1156 1011 1180 tum
1028 1155 1140 1183 numine
1157 1155 1302 1191 fervidum,
1317 1158 1364 1193 qui
1377 1166 1406 1186 se
1418 1165 1538 1191 vocaret,
1554 1161 1649 1195 procul
1664 1161 1740 1188 omni

953 1206 1029 1226 mora
1040 1205 1151 1230 secutus
1161 1206 1214 1235 est,
1226 1207 1252 1231 et
1261 1211 1327 1231 sane
1336 1204 1409 1239 jure.
1421 1204 1577 1241 Philippum
1586 1214 1683 1235 rursus
1693 1206 1740 1234 Je-

952 1253 1012 1274 sum
1038 1248 1135 1276 salutis
1163 1253 1303 1277 auctorem
1326 1256 1491 1285 vocantem,
1518 1252 1644 1281 celeriter
1670 1254 1740 1281 nihil

951 1297 1125 1322 cunctantem
1147 1296 1311 1330 accurrisse,
1328 1305 1444 1333 eumque
1465 1303 1591 1334 prompte
1614 1305 1739 1330 secutum

951 1339 1078 1368 laudibus
1092 1342 1258 1376 extollimus,
1273 1347 1301 1371 et
1315 1344 1424 1379 quidem
1438 1345 1640 1375 decentissime.

985 1431 1045 1465 Quo
1059 1431 1142 1468 igitur
1154 1433 1263 1468 plausu,
1280 1441 1368 1469 quove
1381 1442 1479 1466 genere
1499 1435 1610 1463 laudum
1625 1436 1670 1464 hic
1686 1437 1738 1464 ho-

949 1478 1110 1511 nestandus,
1127 1487 1159 1506 ac
1173 1480 1303 1515 prazconii
1337 1488 1352 1507 a
1373 1481 1453 1509 nobis
1468 1481 1645 1510 coronandus
1663 1483 1740 1511 vide-

949 1527 1004 1556 tur,
1020 1525 1066 1559 qui
1082 1532 1137 1552 non
1163 1526 1216 1561 legi
1241 1525 1368 1554 Mosaicae
1391 1527 1528 1560 subditus,
1554 1535 1605 1556 nec
1627 1530 1739 1556 oracula

950 1570 1145 1604 prophetarum
1171 1571 1303 1604 edoctus,
1332 1580 1388 1599 non
1417 1573 1558 1602 historicis
1581 1573 1739 1602 divinorum

949 1615 1134 1651 prodigiorum
1143 1617 1347 1645 narrationibus
1362 1619 1540 1650 exercitatus,
1552 1619 1670 1647 necdum
1682 1620 1737 1646 ulla

948 1661 1063 1690 intuitus
1080 1667 1177 1697 praeter
1190 1667 1316 1690 naturam
1329 1664 1402 1691 edita
1417 1665 1506 1699 signa,
1521 1665 1674 1700 simplicem
1694 1669 1737 1692 ta-

947 1715 1010 1735 men
1025 1707 1101 1736 Pauli
1117 1709 1337 1744 przedicationem
1357 1711 1488 1746 suscepit,
1505 1711 1623 1746 imperiti
1642 1711 1736 1746 cujus-

948 1751 1010 1779 dam
1023 1753 1154 1787 hominis,
1170 1755 1298 1790 pauperis
1312 1762 1344 1782 ac
1357 1756 1506 1791 peregrini,
1522 1757 1569 1791 qui
1580 1765 1631 1784 nec
1643 1761 1736 1784 orato-

947 1798 995 1825 ria:
1010 1799 1077 1827 artis
1098 1801 1267 1828 ornamentis
1281 1801 1438 1836 excelleret,
1455 1810 1506 1829 nec
1521 1802 1584 1830 ullis
1604 1803 1736 1838 sophisti-

947 1844 988 1872 cis
1003 1846 1235 1880 propositionibus
1251 1847 1402 1875 niteretur?
1419 1847 1520 1875 Yerum
1536 1848 1574 1876 uti
1587 1852 1735 1876 sementem

946 1893 1093 1928 quamdam
1106 1895 1135 1922 in
1153 1899 1255 1922 terram
1268 1897 1369 1931 jactam
1385 1904 1447 1923 cum
1463 1897 1581 1932 primum
1602 1896 1733 1931 suscepit,

945 1939 1068 1975 nihilque
1078 1940 1207 1969 dubitans
1221 1943 1324 1970 intimis
1336 1943 1464 1971 sensibus
1479 1944 1611 1978 reposuit,
1625 1948 1651 1971 et
1664 1944 1736 1970 vita-

945 1985 984 2013 lcs
1000 1985 1061 2013 ﬁdei
1076 1985 1181 2014 fruetus
1197 1995 1258 2014 mox
1272 1995 1287 2014 a
1302 1988 1499 2023 seminisjactu
1514 1989 1649 2016 uberrime
1661 1989 1732 2021 tulit,

944 2034 974 2057 ut
996 2039 1059 2057 cum
1083 2031 1152 2059 Isaia
1175 2033 1307 2068 propheta
1330 2034 1570 2068 prmidentissimo
1598 2035 1734 2062 clamante

944 2076 1000 2104 fere
1025 2077 1148 2106 hilariter
1171 2083 1262 2106 canat.
1287 2079 1467 2107 Obtimorcm
1492 2085 1579 2112 tuum,
1608 2080 1731 2114 Domine,

945 2127 1124 2161 concepimus
1144 2129 1171 2153 et
1189 2126 1397 2161 parturivimus,
1422 2133 1453 2152 ac
1470 2126 1626 2160 peperimus
1648 2126 1732 2160 spiri-

942 2178 1001 2201 tum
1015 2173 1112 2202 salutis
1123 2178 1185 2204 tute,
1198 2180 1279 2207 quem
1293 2179 1375 2206 super
1387 2176 1487 2198 terram
1501 2171 1616 2198 fecimus
1627 2175 1655 2198 ιιι.
1669 2171 1731 2199 Haec

943 2228 1009 2248 sane
1019 2219 1108 2246 Lucas
1124 2219 1240 2246 eximius
1255 2225 1355 2253 praeco,
1371 2217 1435 2244 dum
1453 2217 1550 2252 spiritu
1566 2217 1645 2244 nobis
1662 2218 1731 2244 assi-

101 2258 144 2275 τοι
159 2250 264 2281 Λουκᾶς
278 2250 342 2285 ἡμῖν
356 2251 369 2277 ὁ
385 2251 584 2286 μεγαλοκήρυξ,
600 2252 795 2288 συμπαρὼντῷ
806 2255 891 2281 Πνεύ-

950 2269 1035 2297 iteret,
1050 2264 1186 2299 simulque
1198 2264 1269 2290 hanc
1283 2270 1389 2290 sacram
1402 2263 1473 2290 sacri
1485 2262 1614 2298 martyris
1628 2270 1731 2290 memo-

104 2303 181 2329 ματι,
197 2296 244 2321 καὶ
257 2296 306 2330 τὴν
326 2296 401 2332 ίερὰν
417 2297 517 2332 ταύτην
538 2297 585 2324 τοῦ
609 2299 804 2335 ίερομάρτυρος
822 2301 888 2336 μνή-

103 2348 158 2375 μην
179 2340 371 2376 συνεορτάζων,
394 2343 505 2378 καὶτῆς
521 2343 575 2369 τῶν
599 2344 781 2380 ἑορταζόντων
804 2347 888 2382 αὐτὴν

102 2385 151 2411 καὶ
167 2386 321 2420 ὑμνούντων
333 2387 493 2423 ὁμηγύρεως
510 2389 685 2426 καθεστηκὼς
699 2390 821 2427 ἔξαρχος,
842 2393 888 2420 καὶ

100 2431 156 2458 τῶν
167 2432 283 2459 ἐπαίνων
296 2434 508 2469 προηγούμενος,
520 2435 714 2472 διεξελήλυθεν.
730 2438 801 2465 ’ὐσα
815 2439 843 2465 δὲ
853 2440 887 2466 δι’

99 2477 225 2513 ἀγράφου
253 2479 427 2514 παραδόσεως
450 2480 465 2515 ἢ
491 2482 630 2517 ἐγγράφου
659 2484 885 2520 παρειλήφαμεν,

98 2524 186 2551 ταῦτα
203 2523 241 2559 τῷ
267 2525 319 2550 τῶν
340 2525 484 2561 ἐγκωμίων
498 2527 648 2563 ὑφάσματι,
672 2530 796 2567 καθάπερ
819 2531 887 2558 ἄττα

98 2570 288 2605 δαιδαλμάτων
302 2571 449 2607 ἐνείροντες
464 2572 542 2608 ἄνθη,
557 2575 602 2601 καί
623 2584 694 2602 τισιν
710 2576 804 2613 ὥσπερ
824 2579 887 2614 ἡδύ-

99 2624 183 2650 σμασι
192 2616 241 2652 τὴν
251 2618 436 2653 πνευματικὴν
446 2621 704 2654 καταγλυκαίνοντες
713 2624 813 2655 ἑστίαν,
823 2625 887 2659 ἥκο-

99 2670 151 2697 μεν
165 2663 228 2698 ὑμῖν
238 2665 294 2694 τοῖς
306 2664 502 2700 φιλακροάμοσί
515 2675 544 2692 τε
560 2668 606 2694 καὶ
620 2671 812 2704 πνευματικοῖς
827 2671 885 2698 δαι-

97 2709 196 2743 τυμόσι
208 2709 438 2746 παραθησόμενοι.
457 2712 581 2744 Τοιοῦτος
593 2713 639 2740 οὖν
652 2715 691 2746 εἰς
705 2716 778 2751 ἡμᾶς
788 2718 886 2753 κατήν-

96 2764 164 2792 τηκε
179 2757 266 2792 λόγος,
278 2757 410 2785 ἀνέκαθεν
423 2759 490 2795 πρὸς
506 2761 607 2796 πατρὸς
622 2761 696 2788 παιδὶ
712 2763 886 2798 παραδίδομε-

97 2811 153 2834 νος.
169 2804 212 2835 Ὠς
224 2806 238 2831 ό
254 2805 339 2839 μέγας
353 2805 487 2838 Διονύσιος
501 2804 586 2839 οὗτος,
601 2808 670 2834 κατὰ
684 2808 729 2835 τὸν
741 2809 787 2835 τοῦ
800 2818 885 2845 σωτη-

133 2891 211 2921 llIlia.
225 2901 296 2927 uri,
316 2895 357 2922 13.

941 2311 1011 2338 riam
1023 2310 1135 2341 coleret,
1152 2309 1323 2343 percensuit,
1336 2315 1432 2334 eorum
1446 2307 1626 2340 multitudini,
1643 2308 1689 2343 qui
1702 2308 1731 2335 il-

940 2356 993 2382 lam
1009 2355 1148 2382 celebrant
1166 2362 1197 2381 ac
1210 2353 1363 2385 dilaudant,
1382 2361 1484 2388 praeses
1496 2362 1528 2381 ac
1543 2353 1653 2381 landum
1674 2354 1729 2381 dux

939 2401 1090 2428 adhibitus.
1103 2399 1279 2434 Quaecunque
1288 2407 1353 2426 vero
1365 2407 1399 2426 ex
1412 2400 1523 2435 scriptis
1535 2403 1581 2426 aut
1594 2407 1650 2427 non
1662 2400 1730 2427 scri-

940 2447 994 2483 ptis
1015 2446 1202 2474 monumentis
1218 2445 1392 2480 collegimus,
1409 2446 1466 2473 haec
1488 2446 1582 2473 eadem
1595 2446 1729 2473 contextis

938 2492 1075 2524 laudibus,
1092 2492 1130 2519 uti
1144 2492 1268 2527 quaedam
1282 2495 1445 2519 ornamenta
1457 2491 1553 2518 [lorum
1571 2497 1726 2524 assuentes,

938 2548 970 2568 ac
985 2539 1142 2567 convivium
1154 2539 1235 2574 365
1248 2539 1414 2574 quibusdam
1430 2539 1509 2574 quasi
1527 2539 1628 2567 divinis
1649 2547 1728 2575 sapo-

937 2586 1012 2613 ribus
1028 2585 1200 2617 condientes,
1225 2585 1359 2613 adsumus
1379 2592 1470 2612 coram
1493 2585 1571 2612 vobis
1593 2585 1726 2617 convivis,

937 2633 983 2667 qui
999 2632 1091 2659 divina
1105 2633 1223 2660 libenter
1247 2631 1349 2659 auditis
1366 2632 1530 2666 apposituri.
1553 2631 1627 2658 Talis
1645 2631 1728 2666 igitur

937 2678 1054 2705 historia
1079 2678 1159 2714 longa
1175 2682 1332 2713 temporum
1347 2679 1427 2710 serie,
1441 2678 1521 2712 quasi
1537 2686 1551 2704 a
1567 2682 1645 2712 patre
1665 2677 1727 2705 ﬁliis

937 2724 1049 2756 tradita,
1069 2724 1102 2751 ad
1124 2732 1176 2752 nos
1195 2732 1282 2760 usque
1298 2724 1431 2759 pervenit.
1452 2723 1520 2749 Cum
1538 2730 1654 2757 magnus
1674 2722 1725 2750 iste

936 2770 1083 2806 Dionysius
1098 2774 1220 2805 tempore
1238 2779 1293 2805 quo
1310 2769 1439 2797 Servator
1455 2769 1590 2803 supplicio
1604 2773 1646 2796 est
1661 2768 1724 2796 aﬂ‘e-

936 2821 1007 2849 ctus,
1024 2816 1133 2852 quando
1148 2821 1220 2844 terra
1241 2824 1376 2844 concussa
1391 2819 1443 2848 est,
1464 2819 1545 2851 atque
1561 2815 1600 2842 sol
1620 2823 1672 2842 non
1685 2813 1720 2842 fe-
