1950 3065
207 185 257 216 627

207 253 271 274 rens
282 243 406 280 opiﬁcem
419 242 622 274 universorum,
634 247 751 276 eumque
765 241 811 275 qui
826 240 862 267 ob
873 239 991 267 divinam

206 291 391 319 substantiam
407 290 554 325 cujuslibet
568 287 794 324 perturbationis,
813 293 845 313 ac
868 286 995 314 interitus

206 345 305 373 expers
325 341 396 369 erat,
412 337 486 372 ligno
500 343 583 363 carne
598 334 699 369 sulligi,
715 341 781 362 suos
795 333 883 368 ipsius
902 332 995 361 radios

206 383 235 411 in
259 383 372 411 meridie
393 383 569 414 occultasset,
587 388 643 416 pra:
664 385 720 408 tam
745 379 900 407 admirabili
923 379 995 407 facto

205 430 381 457 vehementer
396 428 574 463 stupefactus,
590 428 792 461 humanamque
811 425 994 461 cognitionem

206 483 412 512 supergressus,
430 475 532 503 factum
550 474 616 502 illud
631 473 812 509 perpendens.
830 483 839 498 ι
856 473 937 505 Deus,
952 473 995 499 in-

206 523 278 558 quit,
294 522 404 557 ignotus
420 529 503 550 carne
518 521 631 556 patitur,
653 521 733 555 cujus
747 527 831 547 causa
844 520 920 547 orbis
934 519 995 546 uni-

206 576 303 596 versus
310 568 430 596 tenebris
436 568 552 599 olTusus;
560 572 586 595 et
599 566 753 594 turbatione
760 573 913 594 concussus
923 569 974 593 est.
982 574 992 590 ι

206 613 390 650 Protinusque
406 622 439 642 eo
454 614 514 649 ipso
528 619 651 649 tempore
664 620 718 648 quo
735 617 790 639 tam
806 612 913 648 insigne
925 619 994 639 con-

205 661 312 696 iectans
329 661 503 692 observabat,
528 660 596 696 quid
618 659 682 687 hinc
703 659 850 694 significari
871 659 992 686 daretur.

205 707 288 742 Atqui
303 706 512 735 horrendissimi
537 706 610 734 illius
632 705 699 733 solis
712 704 835 733 defectus
849 704 908 740 ipse
926 712 994 739 quo-

205 761 260 790 que
275 754 304 781 in
319 753 440 790 Epistola
454 753 488 781 ad
506 752 687 789 Polycarpum
702 751 866 779 mentionem
884 750 957 778 fecit.

241 886 375 914 Caeterum
402 890 513 921 praestat
537 887 688 914 orationem
704 885 916 922 elegantissimis
934 886 995 921 ejus

206 933 307 964 verbis,
331 932 378 967 qui
401 931 556 967 eloquentia
581 939 614 959 ac
637 931 729 959 divina
751 931 868 966 quadam
886 930 996 959 dicendi

206 978 337 1006 facultate
348 985 443 1006 omnes
457 978 596 1009 excelluit,
611 983 740 1013 tanquam
755 977 857 1013 regiam
866 984 996 1004 coronam

205 1025 337 1060 pretiosis
349 1032 381 1051 ac
393 1024 570 1052 lucidissimis
583 1024 720 1059 lapidibus
729 1023 997 1052 condecorare.Cum

207 1072 280 1098 enim
290 1070 493 1106 Apollophanes
508 1070 550 1097 vir
561 1070 751 1106 philosophus,
761 1070 893 1106 religione
906 1070 998 1106 genti-

205 1117 242 1145 lis
264 1122 349 1149 esset,
373 1120 455 1152 atque
480 1117 552 1144 hunc
573 1116 772 1150 beatissimum,
793 1117 997 1152 magnanimum

206 1167 234 1190 et
248 1163 439 1191 admirandum
456 1164 557 1194 virum.
574 1171 694 1198 quocum
718 1164 883 1191 necessitate
905 1171 938 1191 ac
951 1171 998 1200 ge-

206 1217 274 1238 nere
295 1209 460 1244 coniunctus
476 1213 546 1242 erat,
562 1209 626 1237 odio
641 1215 865 1245 prosequeretur,
883 1217 915 1237 ac
930 1217 998 1237 con-

206 1256 288 1284 viciis
308 1255 436 1291 iactaret,
453 1260 482 1284 ut
498 1256 545 1291 qui
559 1257 628 1284 ritus
643 1257 748 1292 patrios
766 1256 959 1288 detestaretur,
971 1261 999 1283 et

207 1301 427 1329 Christianorum
453 1302 533 1329 [idem
557 1302 611 1330 illis
631 1302 782 1337 prml'erret,
806 1302 918 1333 coleret,
940 1309 999 1329 am-

207 1348 383 1382 plecteretur.
408 1356 440 1376 ac
464 1349 583 1384 proipsa
607 1353 738 1384 tanquam
762 1349 999 1384 propugnaculum

207 1393 378 1422 validissime
398 1398 494 1426 staret,
512 1395 649 1431 rebusque
664 1394 805 1430 gentilium
823 1399 918 1422 contra
933 1402 996 1430 gen-

207 1439 270 1468 tiles
285 1444 408 1467 uteretur
423 1450 430 1467 :
447 1440 498 1468 hoc
513 1440 668 1468 convicium
682 1445 709 1469 et
722 1440 923 1469 accusationem
936 1448 999 1468 cum

207 1486 357 1522 Dionysius
372 1491 495 1515 evertere
505 1487 682 1520 decrevisset,
695 1487 856 1524 Polycarpo,
869 1488 916 1523 qui
929 1487 1000 1516 mul-

207 1533 244 1561 tis
256 1541 319 1561 cum
329 1533 440 1569 pietatis
451 1537 508 1561 tum
521 1535 632 1562 virtutis
645 1534 781 1562 fructibus
792 1534 918 1566 ﬂorebat,
928 1533 1000 1569 apud

208 1587 290 1614 quem
308 1584 335 1608 et
346 1580 468 1616 sophista
480 1580 526 1607 ille
536 1581 660 1608 convicia
669 1581 831 1616 iactaverat,
852 1580 910 1607 hac
929 1579 1000 1608 seri-

207 1625 249 1652 bit
266 1635 272 1652 :
289 1635 299 1651 ι
311 1625 352 1653 Tu
365 1633 430 1653 vero
442 1626 658 1662 Apollophanem
678 1626 831 1661 sophistam
854 1625 999 1653 maledicta

208 1671 237 1699 in
247 1679 290 1699 me
300 1679 458 1707 congerere,
476 1680 573 1707 meque
594 1672 757 1707 patricidam
770 1672 908 1707 appellare
918 1671 999 1704 dicis,

208 1718 296 1753 utqui
307 1718 450 1752 gentilium
462 1718 544 1746 dictis
554 1718 625 1746 haud
638 1719 681 1754 pie
690 1722 786 1745 contra
798 1718 916 1754 gentiles
926 1719 1001 1754 ipsos

208 1768 281 1792 utar.
299 1764 382 1800 Atqui
399 1773 449 1793 nos
465 1764 516 1792 hoc
531 1765 621 1800 ipsum
641 1765 734 1792 verius
755 1765 912 1800 intorquere
926 1765 953 1792 in
967 1765 1001 1791 il-

208 1810 265 1837 lum
282 1818 437 1846 possemus,
453 1810 525 1846 quod
541 1810 655 1846 gentiles
670 1810 803 1839 adversus
824 1812 917 1839 divina
930 1810 1001 1838 divi-

208 1856 253 1884 nis
268 1864 323 1884 non
339 1857 383 1891 pie
397 1859 522 1887 utuntur,
538 1861 671 1884 conantes
695 1863 743 1892 per
765 1857 927 1892 sapientiam
942 1856 1002 1884 cul-

209 1907 268 1930 tum
285 1902 332 1930 Dci
345 1903 469 1930 divinum
480 1902 674 1930 exterminare.
686 1901 780 1938 Neque
791 1911 841 1938 ego
852 1911 918 1931 sane
929 1911 1002 1931 nunc

210 1949 245 1977 de
262 1949 446 1977 multitudinis
461 1949 591 1985 opinione
605 1949 712 1984 loquor,
731 1956 792 1984 quae
815 1950 842 1976 in
860 1955 1002 1985 poetarum

210 1995 312 2023 fabulis
326 2003 441 2031 corpore
454 1999 481 2023 et
497 1995 635 2030 voluptate
651 1995 891 2030 acquiescit.Quin
906 2001 933 2023 et
945 1997 1003 2031 ipse

210 2041 415 2077 Apollophanes
431 2041 563 2069 adversus
579 2042 671 2070 divina
678 2041 785 2069 nefarie
795 2041 895 2069 divinis
904 2042 1000 2069 utitur.

211 2087 277 2115 Erat
283 2096 355 2116 enim
363 2093 578 2116 consentaneum
586 2095 632 2116 eos
640 2089 685 2123 qui
692 2088 775 2125 366
782 2088 839 2116 veri
848 2088 1003 2124 philosophi

211 2138 287 2166 sunt,
303 2142 352 2170 per
368 2134 439 2162 hanc
451 2142 542 2162 rerum
557 2135 752 2170 cognitionem,
765 2142 826 2170 quae
836 2135 888 2162 rite
899 2135 933 2162 ab
943 2135 1003 2170 ipso

211 2181 387 2217 philosophia
408 2181 520 2213 dicitur,
536 2189 651 2217 quaeque
673 2188 688 2208 a
713 2180 744 2208 D.
763 2180 847 2210 Paulo
870 2181 1003 2216 sapientia

211 2227 260 2256 Dei
276 2228 411 2264 appellata
418 2232 470 2261 est,
483 2228 516 2255 ad
529 2232 668 2256 auctorem
683 2235 746 2255 eum
763 2228 884 2264 ipsarum
899 2235 1001 2261 rerum,

212 2278 271 2300 tum
285 2274 450 2309 cognitionis
466 2274 586 2306 illorum,
602 2274 711 2302 adduci.
728 2273 765 2301 Ac
782 2281 816 2301 ne
828 2274 943 2301 aliorum
956 2278 1004 2301 aut

212 2320 301 2355 ipsius
325 2321 482 2355 opinionem
509 2325 605 2348 contra
630 2321 787 2348 institutum
802 2328 892 2348 meum
909 2320 1007 2347 confu-

214 2369 279 2397 tem,
303 2366 446 2400 oportebat
461 2366 677 2401 Apollophancm
692 2374 754 2393 cum
770 2367 806 2393 sit
822 2366 932 2402 sapiens
942 2387 949 2398 ,
964 2366 1007 2394 in-

213 2410 337 2445 telligere
362 2411 430 2438 nihil
456 2420 578 2446 unquam
601 2412 723 2439 cmlestis
739 2412 845 2439 ordinis
865 2416 892 2439 et
916 2417 1007 2440 motus

215 2456 356 2484 immutari
370 2458 449 2485 aliter
462 2458 596 2492 potuisse,
610 2459 661 2485 nisi
677 2459 710 2485 ab
721 2466 754 2486 eo
768 2458 826 2486 haec
840 2466 933 2485 rerum
948 2466 1008 2485 mu-

216 2505 285 2532 tatio
301 2504 386 2536 ﬁeret,
404 2505 450 2539 qui
476 2508 581 2532 natura:
607 2505 694 2540 ipsius
715 2509 893 2532 conservator
912 2509 965 2538 est,
981 2509 1008 2532 et

217 2553 324 2582 auctor,
343 2550 445 2585 quique
459 2550 550 2576 omnia
570 2552 610 2584 (ut
627 2557 717 2576 sermo
732 2550 842 2576 divinus
857 2550 954 2584 habet)
968 2549 1009 2577 fa-

218 2597 256 2624 clt
272 2600 354 2630 atque
369 2598 546 2623 transmutat.
565 2595 621 2622 Cur
643 2603 709 2630 ergo
727 2603 800 2627 eum,
818 2603 901 2630 quem
916 2603 1008 2622 rerum

218 2642 342 2671 omnium
359 2640 444 2669 Deum
457 2649 519 2669 esse
533 2641 725 2676 cognovimus,
741 2650 796 2668 non
808 2645 967 2673 veneratur,
983 2646 1010 2669 et

219 2689 255 2716 ob
279 2688 444 2716 ineﬂ'abilem
468 2687 528 2722 ejus
553 2687 713 2723 potentiam,
732 2695 786 2723 qua
805 2691 903 2715 cuncta
919 2692 1010 2715 creata

220 2739 295 2766 sunt,
321 2740 376 2760 non
394 2733 566 2760 admiratur?
581 2732 808 2767 Quandoquidem
835 2733 876 2760 sol
896 2736 923 2760 et
946 2732 1011 2759 luna

222 2788 275 2808 una
290 2788 353 2807 cum
368 2780 443 2807 omni
467 2780 530 2807 coeli
555 2779 735 2807 conversione
760 2787 807 2814 per
831 2780 886 2806 vim
900 2779 934 2806 ab
950 2779 1010 2814 ipso

222 2826 354 2852 immobili
371 2830 442 2853 statu
457 2825 656 2852 incredibiliter
676 2825 827 2853 consistere
838 2824 916 2859 jussa
933 2827 1008 2855 sunt,

222 2876 304 2904 atque
330 2870 363 2896 ad
383 2878 539 2898 mensuram
564 2872 648 2898 totius
673 2871 726 2898 diei
746 2871 773 2897 in
798 2870 894 2898 iisdem
925 2870 1010 2905 signis

223 2916 317 2943 omnia
331 2917 498 2944 consistunt.
514 2927 523 2943 ι
538 2916 758 2952 Etpaulopostzi
769 2917 903 2945 Caeterum
914 2916 956 2944 dic
964 2916 1006 2953 ei:

785 181 812 210 S.
834 181 982 211 DlONl’Sll
1002 179 1234 210 AREOPAGITIE

1782 179 1834 208 6'28

1007 240 1031 269 Α
1045 238 1102 274 ρίου
1119 237 1223 269 πάθους
1239 236 1351 273 καιρὸν,
1370 236 1450 273 ήνίκα
1470 237 1632 264 διεκλονεττο
1650 236 1696 272 γῆ,
1717 237 1764 264 καὶ
1783 237 1834 269 τὰς

1045 283 1142 310 ἑαυτοῦ
1159 283 1342 320 μαρμαρυγὰς
1361 283 1497 319 μεσούσης
1516 283 1623 319 ἡμέρας
1642 283 1834 319 κατέκρυπτεν

1044 329 1129 364 ἥλιος,
1152 330 1189 365 μὴ
1210 329 1300 365 φέρων
1316 329 1362 356 τὸν
1382 328 1429 356 τοῦ
1448 328 1549 360 παντὸς
1568 328 1734 365 δημιουργὸν
1753 328 1834 364 ίκρίῳ

1045 375 1162 410 καθορᾷν
1185 375 1268 410 σαρκὶ
1283 375 1537 411 προσπηγνύμενον,
1556 375 1604 401 καὶ
1621 374 1735 401 θανάτου
1752 375 1834 409 γευό-

1046 429 1135 456 μενον,
1151 421 1197 447 τὸν
1212 420 1302 457 ἀπαθῆ
1321 430 1351 448 τε
1371 422 1431 448 κατ’
1445 421 1537 448 οὐσίαν
1555 420 1649 456 θεῖκὴν
1672 421 1719 447 καὶ
1739 420 1835 447 ἀνόλε-

1045 466 1118 503 Θρον,
1134 466 1180 493 ἐπὶ
1191 466 1230 502 τῷ
1242 467 1385 502 παραδόξῳ
1400 467 1501 502 σφόδρα
1515 465 1651 502 τεθηπὼς,
1663 466 1710 493 καὶ
1726 466 1777 502 τὴν
1787 467 1835 493 ἀν-

1045 513 1181 548 θρωπείαν
1198 512 1393 549 ὑπερϐεϐηκώς
1413 512 1522 547 γνῶσιν,
1547 513 1717 548 κατανοήσας
1732 512 1765 539 τὸ
1786 520 1836 547 γε-

1044 560 1147 593 γονός(
1159 560 1187 586 Ὁ
1201 560 1349 594 ἄγνωστος,
1362 559 1424 595 ἔφη,
1434 559 1515 595 σαρκὶ
1527 559 1625 594 πάσχει
1639 559 1714 591 Θεὸς,
1723 559 1757 586 δι’
1767 558 1836 586 ὃντὸ

1045 608 1099 634 πᾶν
1107 607 1240 642 ὲζόφωταί
1249 616 1279 633 τε
1292 607 1338 633 καὶ
1348 606 1515 633 σεσάλευται.
1523 616 1532 632 ι
1542 606 1597 633 Kal
1606 606 1777 642 παραχρῆμα
1788 605 1836 633 τὸν

1045 654 1150 691 χρόνον,
1167 653 1227 681 καθ’
1244 653 1273 680 ὃν
1293 653 1367 680 τουτὶ
1380 652 1410 679 τὸ
1427 653 1596 689 παγκόσμιον
1618 653 1773 680 ἐτετέλεστο
1790 662 1837 680 τε·

1046 700 1234 736 ρατούργημα,
1254 700 1513 735 τεκμηριωσάμενος
1535 700 1628 736 ἐτήρει
1651 700 1715 736 παρ’
1732 700 1835 736 ἐαυτῷ,

1044 746 1202 772 τούντεῦθεν
1208 746 1348 781 διαγγελού
1353 754 1431 782 μενον
1441 746 1607 782 καραδοκῶν.
1620 746 1764 782 Μέμνηται
1772 747 1839 782 μέν-

1045 800 1085 819 τοι
1108 792 1207 824 καύτὸς
1233 793 1262 819 ὲν
1277 793 1310 828 τῇ
1334 792 1402 828 πρὸς
1426 792 1603 829 Πολύκαρπον
1626 793 1754 829 ἐπιστολῇ
1786 794 1838 829 τῆς

1046 839 1161 874 ἡλιακῆς
1174 838 1320 873 ἐκλείψεως
1334 832 1443 874 ἐκείνης
1451 839 1501 875 τῆς
1519 838 1751 875 φρικωδεστάτης.

1084 886 1211 921 Ἀμεινον
1227 885 1255 912 δὲ
1271 885 1315 912 τὸν
1331 885 1408 920 λόγον
1423 887 1479 917 τοῖς
1496 886 1600 913 ἐκείνου
1615 885 1662 912 τοῦ
1677 887 1710 921 τῇ
1726 885 1840 922 Θεοῤῥη-

1049 932 1151 968 μοσύνῃ
1167 932 1213 959 καὶ
1230 932 1379 968 εὐγλωττίᾳ
1395 932 1503 959 πάντων
1521 932 1757 968 ὑπερφερεστάτου
1773 933 1841 959 καλ-

1047 979 1230 1010 λιεπεστάτοις
1244 979 1413 1014 καθωραῖσαι
1430 979 1529 1014 λόγοις,
1548 976 1591 1006 οἷα
1608 979 1662 1006 τῶν
1684 979 1840 1006 πολυτελῶν

1047 1026 1127 1053 λίθων
1145 1028 1202 1058 τοῖς
1218 1025 1422 1060 διαυγεστάτοις
1437 1025 1570 1060 βασίλειον
1585 1025 1713 1061 διάδημα.
1741 1025 1841 1052 Ἀπολ-

1048 1072 1179 1107 λοφάνους
1197 1072 1251 1108 γὰρ
1265 1072 1361 1108 ἀνδρὸς
1376 1071 1531 1106 φιλοσόφου,
1549 1071 1598 1108 τὴν
1612 1071 1761 1108 θρησκείαν
1776 1072 1842 1098 Ἕλ-

1048 1119 1126 1154 ληνος
1143 1119 1331 1154 τυγχάνοντος,
1351 1118 1517 1154 νεμεσῶντός
1530 1127 1560 1145 τε
1575 1119 1623 1146 καὶ
1635 1118 1841 1154 λοιδορουμένου

1047 1166 1086 1202 τῷ
1103 1166 1246 1202 τρισολϐίῳ
1264 1165 1351 1201 τούτῳ
1367 1166 1414 1192 καὶ
1429 1165 1638 1201 μεγαλεμπόρῳ,
1656 1166 1703 1192 xal
1722 1164 1843 1199 ἀξιαγά-

1049 1219 1113 1248 στῳ,
1131 1212 1168 1244 ὡς
1184 1212 1284 1248 ἑταίρῳ
1305 1212 1382 1248 δῆθεν
1396 1211 1454 1238 δντι
1469 1212 1588 1247 φιλτάτῳ
1599 1212 1646 1238 καὶ
1658 1212 1796 1247 ὀμογενεῖ,
1806 1210 1842 1238 τὰ

1050 1258 1164 1294 πατρῷα
1195 1258 1243 1294 μὲν
1266 1258 1461 1294 μυσαττομένῳ
1485 1257 1654 1293 σεϐάσματα,
1671 1257 1721 1294 τὴν
1740 1257 1770 1284 δὲ
1786 1257 1843 1285 τῶν

1049 1305 1219 1341 Χριστιανῶν
1235 1304 1412 1340 προτιμῶντι,
1431 1305 1477 1331 καὶ
1495 1305 1624 1341 μετιόντι,
1647 1305 1694 1331 καὶ
1716 1305 1843 1337 ἀσπαζο-

1052 1352 1124 1388 μένῳ
1143 1352 1243 1384 πίστιν,
1267 1351 1315 1378 καὶ
1336 1351 1420 1386 αὐτῆς
1443 1351 1684 1386 ἀγωνιστικώτατα
1705 1351 1844 1387 προασπί-

1051 1397 1133 1430 ζοντι,
1151 1399 1197 1425 καὶ
1209 1399 1266 1429 τοῖς
1285 1397 1416 1433 Ἐλλήνων
1430 1397 1502 1424 κατὰ
1517 1397 1571 1424 τῶν
1584 1397 1716 1432 Ἑλλήνων
1731 1397 1845 1433 χρωμέ-

1050 1451 1097 1480 νῳ¹
1115 1444 1164 1480 τὴν
1183 1444 1315 1480 λοιδορίαν
1339 1444 1386 1470 καὶ
1409 1443 1517 1478 νέμεσιν
1534 1443 1730 1475 ἀνασκευάζειν
1747 1444 1846 1470 ὑποτιη

1051 1491 1162 1526 θέμενος
1179 1490 1218 1526 τῷ
1237 1490 1343 1522 πολλοῖς
1363 1489 1515 1522 Θεοσεϐείας
1534 1490 1581 1517 καὶ
1600 1489 1699 1526 ἀρετῆς
1717 1489 1846 1524 τεθηλότι

1051 1539 1168 1574 καρποῖς
1177 1538 1361 1573 Πολυκάρπῳ,
1379 1537 1448 1573 πρὸς
1462 1537 1491 1563 ὃν
1501 1537 1548 1564 καὶ
1561 1538 1574 1564 ὁ
1586 1537 1714 1573 σοφιστής
1724 1537 1847 1564 ἐποιεῖτο

1013 1590 1034 1618 C
1051 1581 1085 1608 τά
1104 1581 1267 1617 σκώμματα,
1284 1581 1346 1608 τάδε
1364 1581 1429 1616 φησί
1441 1590 1447 1596 ·
1472 1590 1481 1607 ι
1501 1582 1536 1608 Σὺ
1553 1581 1581 1608 δὲ
1597 1583 1649 1618 φῂς
1660 1581 1842 1617 λοιδορεῖσθαί

1052 1636 1097 1662 μοι
1113 1627 1159 1654 τὸν
1172 1627 1302 1662 σοφιστὴν
1317 1622 1526 1663 Ἀπολλοφάνην,
1542 1628 1589 1654 καὶ
1602 1627 1768 1663 πατραλοίαν
1780 1628 1850 1654 ἀπο-

1051 1673 1153 1705 καλεῖν,
1173 1672 1210 1704 ώς
1236 1673 1292 1704 τοῖς
1318 1672 1451 1707 Ἑλλήνων
1474 1673 1520 1699 ἐπὶ
1546 1673 1609 1705 τοὺς
1629 1673 1762 1708 ’Έλληνας
1795 1674 1849 1709 οὐχ

1050 1718 1131 1750 ὁσίως
1145 1718 1291 1754 χρωμένην
1313 1718 1401 1744 καίτοι
1421 1717 1489 1753 πρὸς
1508 1719 1588 1745 αὑτὸν
1607 1719 1680 1754 ἡμᾶς
1695 1716 1730 1754 ἦν
1746 1718 1850 1754 ἀληθέ-

1053 1772 1146 1799 στερον
1162 1765 1259 1796 είπεῐν,
1277 1763 1315 1795 ὡς
1328 1763 1458 1799 ’Έλληνες
1474 1766 1530 1796 τοῖς
1542 1764 1624 1796 θείοις
1636 1765 1686 1800 οὐχ
1701 1765 1784 1797 ὁσίως
1799 1766 1850 1792 ἐπὶ

1051 1809 1086 1836 τὰ
1102 1810 1160 1836 θεῖα
1177 1809 1305 1845 χρῶνται,
1326 1809 1371 1837 διὰ
1394 1810 1444 1846 τῆς
1467 1810 1562 1845 σοφίας
1575 1810 1622 1837 τοῦ
1642 1809 1709 1837 Θεοῦ
1723 1811 1754 1837 τὺ
1774 1811 1850 1839 θεῖον

1052 1854 1191 1881 ἐκϐάλλειν
1206 1852 1370 1890 πειρώμενοι
1386 1854 1476 1886 σέϐας.
1493 1856 1548 1882 Kal
1565 1856 1595 1882 οὺ
1610 1856 1659 1892 τὴν
1672 1856 1727 1883 τῶν
1739 1856 1850 1884 πολλῶν

1052 1900 1139 1935 ἔγωγέ
1155 1909 1226 1937 φημι
1244 1901 1333 1934 δόξαν,
1348 1901 1403 1932 τοῖς
1423 1901 1478 1928 τῶν
1497 1901 1617 1937 ποιητῶν
1637 1902 1780 1938 προσύλως
1799 1904 1851 1930 xa‘.

1053 1947 1182 1983 ἐμπαθῶς
1201 1948 1432 1983 ὲναπομενόντων,
1454 1947 1522 1974 ἀλλὰ
1547 1948 1592 1975 καὶ
1616 1948 1696 1980 αὐτὸς
1716 1949 1850 1976 Ἀπολλο-

1054 1994 1140 2030 φάνης
1152 1994 1201 2029 οὐχ
1217 1993 1298 2026 ὁσίως
1317 1995 1374 2025 τοῖς
1395 1993 1477 2025 θείοις
1493 1995 1539 2021 ἐπὶ
1554 1994 1589 2021 τὰ
1605 1994 1664 2021 θεῖα
1677 1995 1793 2030 χρῆται·
1812 1998 1851 2033 τῇ

1053 2040 1106 2076 γὰρ
1131 2040 1184 2067 τῶν
1206 2040 1290 2067 ὄντων
1312 2039 1410 2075 γνώσει
1428 2041 1517 2072 καλῶς
1531 2041 1663 2078 λεγομένῃ
1677 2041 1745 2077 πρὸς
1763 2042 1851 2070 αὐτοῦ

1054 2085 1206 2122 φιλοσοφίᾳ,
1223 2087 1270 2112 καὶ
1293 2085 1361 2122 πρὸς
1382 2086 1429 2113 τοῦ
1454 2086 1526 2113 θείου
1550 2087 1656 2114 Παύλου
1680 2087 1761 2123 σοφίᾳ
1778 2087 1851 2115 Θεοῦ

1054 2131 1218 2168 κεκλημένῃ,
1230 2132 1297 2168 πρὸς
1307 2132 1352 2158 τὸν
1368 2132 1454 2159 αἴτιον
1471 2134 1518 2159 καὶ
1534 2133 1622 2160 αὐτῶν
1633 2133 1686 2160 τῶν
1696 2134 1782 2161 ὄντων
1799 2135 1853 2161 καὶ

1053 2179 1102 2214 τῆς
1123 2178 1249 2212 γνώσεως
1274 2178 1362 2205 αὐτῶν
1379 2179 1461 2214 ἐχρῆν
1485 2178 1632 2213 ἀνάγεσθαι
1650 2180 1712 2211 τοὺς
1735 2180 1854 2216 ἀληθεῖς

1055 2224 1225 2260 φιλοσόφους.
1244 2225 1299 2252 Καὶ
1317 2225 1359 2251 ἵνα
1379 2226 1415 2261 μὴ
1432 2225 1481 2260 τὴν
1495 2225 1581 2253 ἄλλων
1596 2226 1613 2261 ἢ
1627 2227 1676 2262 τὴν
1689 2227 1772 2254 αὑτοῦ
1792 2237 1852 2255 πα-

1019 2266 1041 2293 D
1057 2270 1092 2306 ρὰ
1109 2270 1140 2297 τὸ
1155 2271 1248 2297 δοκοῦν
1268 2270 1436 2305 ἐξελέγχοιμι
1451 2271 1540 2304 δόξαν,
1552 2271 1605 2298 ἔδει
1623 2273 1736 2299 συνιδεῖν
1752 2273 1855 2300 Ἀπολ-

1056 2316 1173 2352 λοφάνην
1196 2316 1277 2351 σοφὸν
1295 2317 1368 2350 ὄντα,
1390 2318 1427 2354 μὴ
1451 2318 1484 2345 ἂν
1507 2318 1594 2350 ἄλλως
1614 2318 1678 2345 ποτὲ
1701 2319 1854 2355 δυνηθῆναι

1056 2363 1105 2398 τῆς
1120 2362 1248 2398 οὐρανίας
1262 2371 1288 2389 τι
1302 2363 1625 2399 παρατραπῆναιτάξεως
1639 2365 1686 2391 καὶ
1702 2365 1854 2400 κινήσεως,

1058 2410 1082 2435 εἰ
1095 2409 1131 2444 μὴ
1142 2408 1188 2434 τὸν
1199 2408 1246 2435 τοῦ
1257 2406 1327 2435 εἶναι
1340 2409 1423 2445 αὐτὴν
1434 2410 1482 2436 καὶ
1493 2411 1606 2446 συνοχέα
1617 2411 1662 2438 καὶ
1673 2411 1757 2438 αῑτιον
1769 2412 1856 2448 ἔσχεν

1058 2456 1097 2487 εἰς
1119 2455 1198 2482 τοῦτο
1219 2455 1354 2487 κινοῦντα,
1373 2456 1418 2482 τὸν
1438 2456 1565 2484 ποιοῦντα
1586 2457 1673 2483 πάντα
1693 2457 1740 2484 καὶ
1763 2466 1853 2493 μετα-

1059 2501 1233 2533 σκευάζοντα,
1249 2500 1320 2527 κατὰ
1336 2501 1382 2527 τὸν
1399 2501 1470 2536 ἱερὸν
1484 2501 1571 2536 λόγον.
1588 2502 1650 2533 Πῶς
1664 2500 1710 2529 οὖν
1726 2503 1757 2529 οὺ
1776 2504 1857 2531 σέϐει

1058 2545 1103 2573 τὸν
1126 2545 1296 2582 ἐγνωσμένον
1313 2546 1378 2581 ήμίν
1397 2547 1451 2573 κάκ
1471 2546 1518 2574 τοῦ
1537 2547 1612 2580 ὄντος
1628 2548 1691 2575 ὅντα
1710 2548 1765 2575 τῶν
1781 2550 1857 2577 ὅλων

1059 2591 1134 2624 Θεὸν,
1152 2592 1287 2627 ἀγάμενος
1303 2591 1382 2619 αὑτὸν
1400 2592 1450 2627 τῆς
1468 2593 1610 2620 παναιτίου
1630 2594 1677 2620 καὶ
1691 2594 1857 2632 ὑπεραρρή-

1059 2647 1106 2664 του
1121 2638 1270 2674 δυνάμεως,
1281 2639 1344 2665 ὅταν
1355 2639 1430 2674 ἥλιος
1441 2640 1486 2666 ὑπ’
1498 2640 1580 2666 αὐτοῦ
1592 2641 1639 2667 καὶ
1654 2641 1765 2677 σελήνη,
1780 2643 1857 2669 κατά

1059 2684 1173 2720 δύναμιν
1196 2685 1242 2711 καὶ
1265 2686 1359 2712 στάσιν
1376 2685 1610 2722 ὑπερφυεστάτην,
1625 2687 1683 2722 ἅμα
1704 2687 1744 2723 τῷ
1771 2690 1859 2716 παντὶ

1061 2729 1129 2766 πρὸς
1152 2731 1182 2757 τὺ
1206 2731 1294 2766 πάντη
1315 2732 1440 2766 ἀκίνητον
1463 2732 1615 2769 ὁρίζωνται,
1631 2734 1678 2760 καὶ
1694 2735 1734 2766 είς
1754 2735 1859 2771 μέτρον

1061 2777 1166 2812 ἡμέρας
1180 2776 1244 2812 ὅλης
1261 2777 1306 2804 ἐπὶ
1327 2777 1381 2804 τῶν
1395 2778 1484 2804 αὐτῶν
1508 2779 1606 2805 ἑστῶσι
1627 2779 1661 2805 τὰ
1690 2779 1782 2806 πάντα
1806 2790 1859 2817 ση-

1063 2822 1146 2856 μείων
1158 2830 1165 2854 ;
1180 2832 1188 2847 ι
1204 2823 1257 2849 Kal
1269 2822 1336 2858 μετὰ
1346 2822 1458 2859 βραχέα·
1472 2834 1481 2849 ι
1495 2825 1563 2851 Εἰπὲ
1576 2823 1604 2851 δὲ
1619 2825 1706 2860 αὐτῷ·
1717 2826 1751 2852 Τί
1765 2826 1860 2861 λέγεις

1062 2878 1095 2894 πε
1100 2869 1125 2904 (ﬁ.
1139 2869 1189 2904 τῆς
1199 2870 1228 2895 ἐν
1237 2869 1275 2905 τῷ
1286 2870 1411 2906 σωτηρίῳ
1423 2871 1531 2906 σταυρῷ
1540 2872 1681 2905 γεγονυίας
1692 2872 1859 2908 ἐκλείψεως

1069 2915 1227 2952 Ἀμφοτέρω
1243 2916 1296 2952 γὰρ
1311 2917 1382 2950 τότε,
1398 2917 1469 2944 κατὰ
1490 2917 1659 2945 Ἡλιούπολιν
1675 2919 1735 2953 ἃμα
1753 2920 1860 2954 παρόν-
