1950 3065
151 206 204 236 829

626 209 716 244 VITA,
735 208 898 238 AUCTORE
914 207 1088 237 MICHAELE
1105 206 1274 236 SYNGELO.

1715 207 1768 236 ϐω

150 274 196 297 τις
208 274 237 293 τε
254 266 300 293 καὶ
318 266 491 299 συνεστῶτες,
503 266 663 302 παραδόξως
681 266 721 302 τῷ
739 266 808 302 ἡλίῳ
821 266 870 302 τὴν
892 274 920 292 σε

987 265 1058 299 Quid
1071 264 1106 292 de
1121 264 1167 292 illo
1181 264 1248 292 solis
1263 263 1381 296 defectu,
1397 263 1444 300 qui
1462 271 1518 300 quo
1533 268 1654 299 tempore
1676 263 1768 293 Domi-

151 312 232 348 λήνην
245 311 433 347 ἐμπίπτουσαν
448 313 586 349 ἑωρῶμενο
599 313 639 349 (οὐ
649 311 743 350 γὰρῆν
753 313 862 340 συνόδου
874 321 931 340 και-

151 358 223 394 ρός·)
238 356 313 390 αὖθις
326 367 356 385 τε
370 359 453 395 αὐτὴν
462 359 515 386 ἀπὺ
525 359 573 395 τῆς
585 359 698 395 ὲννάτης
712 359 786 394 ὧρας
804 359 867 394 ἄχρι
883 359 933 394 τῆς

150 405 267 441 ἑσπέρας
283 407 323 437 εις
343 405 374 432 τὸ
389 406 436 432 τοῦ
452 406 526 442 ήλίου
542 406 686 442 διάμετρον
699 405 845 442 ὑπερφυῶς
860 406 934 432 ἀντι-

149 452 330 479 καταστᾶσαν.
339 451 504 488 Ἀνάμνησον
520 452 542 479 δ’
553 453 592 479 ἔτι
608 453 655 480 καὶ
666 452 709 479 ἒτε
715 460 759 488 ρον
771 451 852 479 αὐτόν
862 460 869 466 ·
879 449 933 478 οἶδε

148 495 211 532 γὰρ,
223 497 263 523 ὅτι
279 498 326 524 καὶ
335 497 384 532 τὴν
400 497 538 533 ἔμπτωσιν
553 497 636 534 αὐτὴν
651 497 681 530 ἐξ
693 496 828 524 ἀνατολῶν
844 497 932 532 ἐωρὰ-

148 550 234 578 καμεν
247 542 410 578 ἀρξαμένην,
422 544 469 570 καὶ
481 544 559 580 μέχρι
574 543 621 570 τοῦ
638 543 750 580 ἡλιακοῦ
763 543 879 579 πέρατος
890 542 933 569 ἐλ-

148 587 256 620 θοῦσαν,
273 586 333 615 εἶτα
347 589 561 616 ἀναποδίσασαν·
586 591 633 617 καὶ
655 587 732 621 αὖθις
754 589 804 616 οὐκ
828 589 860 616 ἐκ
884 588 932 616 τοῦ

146 633 227 660 αὐτοῦ
244 635 290 660 καὶ
303 634 352 670 τὴν
366 634 504 670 ἔμπτωσιν
527 636 573 662 καὶ
591 637 641 672 τὴν
655 635 851 671 ἀνακάθαρσιν,
873 634 931 661 ἀλλ’

146 680 177 707 ἐκ
190 680 236 707 τοῦ
251 681 320 708 κατὰ
331 681 474 717 διάμετρον
487 682 606 709 ἐναντίου
617 680 933 718 γεγενημένην.Τοιαῦτά

145 726 203 753 ἐστι
215 726 262 753 τοῦ
279 727 338 754 τότε
353 727 448 763 καιροῦ
465 728 500 754 τὰ
513 728 649 764 ὑπερφυῆ,
663 729 711 755 καὶ
728 727 800 763 μόνῳ
822 726 932 762 Χριστῷ

144 772 181 807 τῷ
198 773 331 809 παναιτίῳ
346 773 455 806 δυνατὰ,
472 774 511 810 τῷ
527 774 646 801 ποιοῦντι
665 774 769 810 μεγάλα
789 774 836 801 καὶ
858 773 931 805 ἐξαί-

145 825 199 850 σια,
211 813 248 845 ὧν
260 819 309 844 οὐκ
323 818 396 845 ἔστιν
413 819 535 855 ἀριθμός.
549 820 651 852 Ταῦτα,
669 821 694 846 εἱ
710 820 750 846 σοὶ
762 819 881 855 θεμιτὸν,
893 820 932 846 εὶ-

143 863 187 895 πὲ,
200 864 257 896 καὶ,
274 864 299 890 εἰ
315 864 437 898 δυνατὸν,
453 865 658 900 Ἀπολλόφανες,
668 865 792 900 ἐξέλεγχε
806 865 853 892 κα)⁵
865 865 931 900 πρὸς

142 910 192 945 ἐμὲ
208 910 253 936 τὸν
268 910 327 937 τότε
345 912 391 938 καὶ
405 912 583 948 συμπαρόντα
596 921 646 944 σοι,
664 913 711 939 καὶ
728 911 927 948 συνεωρακότα,

142 956 188 982 καὶ
203 957 429 992 συνανακρίνοντα
442 958 539 990 πάντα,
555 959 601 985 καὶ
618 959 813 994 συναγάμενον.
827 968 836 984 ι

984 320 1036 340 nus
1048 312 1076 338 in
1089 319 1200 339 crucem
1216 313 1294 338 actus
1308 315 1362 343 est,
1377 311 1501 346 contigit,
1518 311 1580 339 ais?
1593 310 1680 339 Ambo
1694 311 1769 339 enim

983 364 1047 384 cum
1062 356 1134 392 apud
1148 355 1308 392 Heliopolim
1322 360 1470 390 praesentes
1484 356 1564 384 simul
1575 364 1698 384 essemus
1709 360 1768 384 tum

983 404 1075 432 lunam
1091 404 1142 432 soli
1157 403 1264 431 obviam
1280 403 1442 431 mirabiliter
1456 403 1556 431 factam
1572 404 1681 439 (neque
1695 404 1767 432 enim

983 457 1136 478 concursus
1148 453 1255 484 tempus
1265 452 1346 484 erat),
1361 452 1389 477 et
1401 449 1525 477 eamdem
1541 458 1639 478 rursus
1653 450 1687 478 ab
1700 450 1769 478 bon

983 503 1055 524 nona
1071 503 1158 531 usque
1172 495 1206 522 ad
1218 502 1359 530 vesperam
1374 502 1389 522 e
1402 494 1513 530 regione
1526 495 1592 523 solis
1607 503 1654 531 per
1668 495 1770 523 diame-

981 546 1055 570 trum
1080 541 1279 570 incredibiliter
1300 541 1453 577 oppositam
1475 542 1622 576 persistere
1637 543 1768 570 cerneba-

981 597 1055 618 mus.
1071 587 1206 616 Caterum
1222 592 1249 615 et
1268 587 1342 615 aliud
1357 586 1488 622 quiddam
1502 587 1585 622 hujus
1609 589 1717 623 generis
1739 590 1767 616 in

982 635 1142 663 memoriam
1157 634 1230 661 illius
1243 640 1351 661 revoca.
1366 632 1422 661 Nos
1434 633 1506 660 enim
1519 633 1603 669 (quod
1621 633 1710 669 ipsum
1722 635 1768 661 ille

982 689 1093 717 quoque
1106 680 1193 716 novit)
1210 684 1238 707 et
1254 687 1400 707 occursum
1416 679 1505 714 ipsum
1527 679 1561 707 ab
1575 679 1687 708 Oriente
1711 687 1767 708 coe-

981 725 1065 760 pisse,
1081 730 1108 753 et
1131 724 1165 752 ad
1188 724 1285 752 solaris
1301 724 1426 759 corporis
1451 723 1531 752 finem
1547 725 1718 760 pervenisse,
1735 733 1767 753 ac

981 771 1091 799 demum
1116 770 1263 805 repedasse
1281 769 1410 798 vidimus.
1426 769 1588 805 Rursusque
1605 778 1659 798 non
1674 770 1767 799 eadem

981 825 1015 845 ex
1031 820 1118 852 parte,
1133 816 1181 845 sed
1196 824 1212 844 e
1226 816 1338 851 regione
1350 823 1398 851 per
1412 815 1577 844 diametrum
1592 821 1620 844 et
1634 824 1767 845 occursus

981 868 1009 891 et
1021 863 1104 891 ablati
1121 863 1232 891 luminis
1246 862 1385 890 restitutio
1407 861 1480 890 facta
1499 867 1552 891 est.
1576 862 1638 891 Haec
1653 867 1708 890 tam
1724 864 1767 891 in-

980 910 1069 945 gentia
1084 913 1111 937 et
1124 908 1294 937 incredibilia
1309 913 1367 936 tum
1381 910 1512 944 temporis
1527 909 1694 943 acciderunt,
1707 918 1767 946 quae

980 955 1107 984 Christus
1119 955 1242 982 omnium
1265 959 1372 988 auctor,
1391 956 1438 990 qui
1454 963 1552 991 magna
1566 960 1593 983 et
1606 957 1766 985 admiranda

141 1003 216 1038 facit,
230 1012 290 1039 quae
302 1005 469 1034 dinumerari
483 1011 630 1042 nequeunt,
649 1012 778 1042 praestare
793 1006 868 1034 solus
890 1008 979 1041 potest
995 1011 1001 1029 :
1026 1006 1094 1035 haec,
1119 1003 1230 1038 inquam
1251 1001 1310 1038 (id,
1324 1002 1347 1030 si
1362 1001 1422 1034 tibi,
1444 1001 1612 1038 Polycarpe,
1636 1004 1762 1036 licuerit,

139 1049 179 1077 illi
194 1051 289 1087 dicito)
306 1056 334 1079 et
354 1053 377 1080 si
391 1052 448 1080 fieri
462 1057 561 1088 potest,
586 1053 800 1088 Apollophancs,
831 1052 889 1080 haec
909 1051 1040 1080 falsitatis
1064 1057 1158 1085 argue,
1184 1049 1333 1084 etquidem
1350 1054 1447 1077 contra
1464 1058 1508 1078 me
1527 1051 1574 1085 qui
1594 1054 1653 1078 tum
1673 1055 1763 1079 tecum

139 1097 261 1130 aderam,
275 1099 413 1135 simulque
433 1101 525 1127 omnia
550 1104 639 1127 tecum
658 1099 800 1135 perpendi,
812 1103 840 1126 et
864 1106 927 1126 cum
946 1097 1128 1126 admiratione
1144 1096 1294 1132 spectavi.»

174 1141 280 1173 Παύλου
292 1148 380 1174 τοίνυν
398 1148 510 1180 στάντος
525 1149 553 1175 ἐν
568 1149 642 1184 μέσῳ
655 1148 702 1174 τοῦ
722 1148 825 1184 Ἀρείου
840 1148 920 1182 πάγοι

1014 1145 1083 1173 Cum
1099 1145 1183 1180 igitur
1196 1144 1298 1172 Paulus
1313 1145 1341 1172 in
1356 1145 1475 1173 medium
1489 1145 1623 1181 Areopagi
1647 1145 1766 1182 prodiis-

138 1191 186 1217 καὶ
203 1193 496 1228 παρῤησιαστιχὼτατα
516 1193 739 1228 διαγορεύσαντος
753 1201 759 1208 ·
788 1202 797 1218 ‹
814 1192 924 1228 Ἄνδρες

144 1235 288 1270 Ἀθηναῖοι,
301 1237 372 1264 κατά
387 1237 474 1264 πάντα
491 1238 529 1270 ὡς
547 1237 837 1274 δεισιδαιμονεστέρους
852 1238 925 1272 ὑμᾶς

137 1281 246 1318 θεωρῶ·
269 1283 440 1319 διερχόμενος
459 1284 513 1320 γὰρ
535 1285 582 1312 καὶ
604 1284 765 1320 ἀναθεωρῶν
788 1284 822 1311 τὰ
842 1283 923 1311 σεϐά-

137 1335 227 1362 σματα
252 1327 339 1363 ὑμῶν,
352 1325 429 1364 εὗρον
452 1330 499 1356 καὶ
521 1329 612 1365 βωμὸν
637 1331 666 1357 ἐν
685 1327 707 1364 ᾧ
723 1329 921 1365 ἐπεγέγραπτο·

143 1373 292 1410 Ἀτ-νώστῳ
309 1375 377 1408 Θεῷ.
399 1376 446 1403 Ὃν
462 1374 508 1403 οὖν
524 1376 682 1410 ἀγνοοῦντες
695 1376 842 1409 εὐσεϐεῖτε,
862 1376 924 1403 τοῦ-

134 1428 180 1446 τον
193 1419 249 1453 ἐγὼ
258 1421 434 1456 καταγγέλλω
448 1423 511 1458 ὑμῖν
520 1431 527 1437 ο
547 1432 556 1448 ›
569 1423 623 1449 Καὶ
637 1422 686 1458 τὴν
702 1423 765 1458 ἑξῆς
779 1422 923 1459 θεηγορίαν

134 1464 276 1498 διεξιόντος
298 1467 421 1494 ἃπασαν·
445 1469 545 1500 εὐθέως
565 1466 642 1502 οὗτος
664 1471 678 1496 ό
701 1469 924 1506 θαυμασιώτατος

133 1511 213 1547 ἀνὴρ,
227 1512 265 1544 ὼς
282 1513 425 1548 οὐρανόθεν
441 1514 650 1551 διηγορευμένον
662 1516 707 1542 τὸν
721 1516 798 1550 λόγον
810 1515 924 1550 δεξάμε-

132 1565 188 1589 νος,
212 1558 395 1592 ἀδιάσπαστος
416 1561 497 1587 αὑτοῦ
521 1561 632 1596 γέγονεν
654 1562 760 1594 ὁπαδός.
784 1563 838 1589 Καὶ
856 1563 923 1590 πᾶσι

133 1604 183 1639 μὲν
208 1604 294 1641 ἄρδην
317 1608 374 1638 τοῖς
396 1607 562 1643 Ἑλληνικοῖς
583 1609 685 1645 ὀργίοις
699 1618 730 1636 τε
744 1611 791 1637 καὶ
814 1609 924 1645 θεσμοῖς

129 1649 325 1684 ἀποτάσσεται,
343 1654 389 1679 καὶ
412 1654 542 1681 παντοίαν
563 1655 725 1692 δαιμονιώδη
752 1656 856 1692 πλάνην
874 1665 924 1691 μυ-

131 1695 272 1723 σάττεται·
297 1698 346 1733 τὴν
371 1698 496 1734 οὐράνιον
520 1700 548 1726 δὲ
576 1701 724 1736 μαθητείαν
751 1702 922 1738 μετέρχεται,

130 1740 178 1767 καὶ
195 1743 372 1777 στοιχειοῦται
390 1746 450 1776 ταῖς
465 1745 520 1772 τῶν
537 1745 625 1780 ὀρθῶν
643 1746 786 1782 δογμάτων
808 1749 855 1776 καὶ
874 1749 924 1785 τῆς

128 1787 309 1824 εῠαηελικῆς
322 1789 495 1822 διδασκαλίας
511 1792 704 1827 στοιχειώσεσι,
719 1794 766 1820 καὶ
781 1793 831 1830 τὴν
847 1794 924 1830 ἀμώ-

975 1196 1026 1224 set,
1048 1199 1080 1220 ac
1097 1192 1173 1219 omni
1195 1200 1258 1220 cum
1283 1191 1382 1220 ﬁducia
1403 1192 1519 1228 loquens
1534 1193 1638 1221 diceret
1655 1203 1662 1221 :
1679 1202 1689 1219 ε
1706 1193 1765 1220 Viri

973 1237 1167 1271 Athenienses,
1185 1238 1213 1265 in
1225 1237 1354 1266 omnibus
1370 1242 1499 1274 tauquam
1514 1239 1764 1274 superstitiosiores

973 1291 1022 1312 vos
1036 1284 1116 1312 video
1133 1294 1139 1312 :
1157 1285 1316 1320 praeteriens
1332 1285 1417 1316 enim,
1432 1289 1460 1312 et
1478 1285 1570 1312 cultus
1580 1290 1689 1312 vestros
1700 1292 1764 1312 cou-

974 1329 1120 1366 templans,
1139 1337 1214 1357 aram
1229 1338 1339 1366 quoque
1350 1331 1438 1365 reperi
1464 1331 1492 1358 in
1522 1339 1576 1366 qua
1599 1331 1764 1367 inscriptum

973 1380 1033 1404 erat
1050 1386 1057 1404 :
1075 1376 1169 1412 Ignoto
1183 1376 1248 1404 Deo.
1267 1376 1353 1410 Quem
1375 1377 1457 1412 igitur
1480 1378 1637 1413 ignorantes
1661 1378 1762 1409 colitis,

974 1422 1047 1450 hunc
1062 1431 1112 1458 ego
1127 1423 1204 1451 vobis
1224 1424 1367 1451 annuntio.
1386 1433 1396 1449 ι
1414 1424 1538 1459 Cumque
1553 1421 1656 1452 Paulus
1681 1424 1762 1460 367

973 1476 1083 1497 omnem
1098 1469 1218 1497 divinam
1233 1470 1393 1498 concionem
1407 1471 1599 1505 percurrisset,
1616 1470 1762 1498 confestim

973 1515 1015 1542 vir
1029 1515 1075 1542 hic
1089 1515 1209 1543 maxime
1223 1515 1426 1551 suspiciendus,
1443 1516 1516 1543 hunc
1533 1523 1687 1544 sermonem
1701 1520 1763 1543 tan-

973 1568 1056 1596 quam
1073 1561 1182 1589 caelitus
1197 1562 1388 1588 annuntiatum
1408 1561 1530 1596 suscepit
1551 1560 1762 1597 individuusque

974 1604 1035 1640 ejus
1053 1608 1206 1633 assectator
1228 1604 1342 1632 effectus
1364 1609 1416 1632 est.
1438 1605 1478 1632 Ae
1501 1605 1628 1633 omnibus
1651 1606 1762 1641 quidem

974 1650 1114 1685 mysteriis
1128 1651 1264 1686 simulque
1275 1651 1374 1681 ritibus
1389 1651 1512 1686 profanis
1526 1652 1653 1679 nuntium
1668 1652 1760 1679 remit-

975 1700 1046 1728 tens,
1064 1696 1242 1731 multiplicem
1256 1696 1409 1724 daemonum
1423 1704 1544 1725 errorem
1560 1696 1722 1729 detestatur,
1733 1700 1762 1724 et

974 1743 1114 1770 cmlestem
1125 1742 1297 1778 disciplinam
1311 1743 1439 1778 capessit.
1450 1742 1527 1771 Verae
1541 1743 1606 1770 item
1621 1743 1762 1778 religionis

974 1788 1118 1821 institutis,
1133 1788 1358 1824 Evangelicaeque
1374 1788 1511 1821 doctrinae
1525 1789 1603 1823 quasi
1618 1788 1761 1816 elelnemis

128 1840 214 1867 μητον
227 1833 318 1860 πίστιν
332 1834 530 1869 ἐκδιδάσκεται,
548 1837 594 1863 καὶ
608 1839 641 1873 τῇ
658 1837 705 1865 τοῦ
719 1838 852 1871 ζωοποιοῦ
871 1839 919 1874 βα-

975 1834 1106 1862 imbuitur
1120 1838 1147 1862 et
1163 1834 1338 1867 informatur,
1350 1834 1517 1870 inculpatam
1529 1834 1608 1862 fidem
1619 1834 1760 1867 educetur,

127 1879 279 1914 πτισματος
301 1880 496 1918 ἀναγεννητικῇ
522 1882 699 1919 κολυμϐήθρᾳ
725 1885 915 1922 προσέρχεται,

125 1924 175 1950 καὶ
187 1924 233 1951 τὸν
246 1923 408 1961 διεφθαρότα
420 1926 534 1954 παλαιὸν
547 1927 688 1964 ἄνθρωπον
703 1930 859 1963 ἀποδύεται,
870 1933 917 1958 καὶ

124 1967 243 2004 Χριστὸν
256 1970 347 2002 αὑτὸν,
363 1971 409 1998 τὸν
424 1971 475 2007 τῆς
488 1972 561 2008 ζωῆς
575 1974 705 2010 ἀρχηγὸν,
720 1975 852 2009 ἐνδύεται,
869 1979 916 2005 καὶ

123 2015 334 2051 ἀναπλάττεται,
349 2018 395 2044 καὶ
409 2018 468 2045 ἀντὶ
484 2019 576 2046 δούλου
590 2020 709 2056 φθαρτοῦ
732 2022 779 2049 καὶ
794 2023 917 2060 φθαρτῆς

124 2060 227 2096 σαρκὸς
237 2062 307 2095 υἱοῦ,
320 2063 371 2099 τῆς
381 2064 508 2091 ἀκτίστου
526 2065 574 2092 καὶ
589 2067 739 2103 ἀφθάρτου,
757 2070 916 2097 πανταιτίου

122 2114 154 2132 τε
175 2107 222 2133 καὶ
236 2109 445 2145 παντεργέτιδος
465 2111 608 2146 ὁμοουσίου
624 2113 787 2151 δεσωτικῆς
803 2116 916 2152 Τριάδος

122 2152 182 2184 υἱὸς
193 2153 306 2188 γίνεται,
322 2156 370 2182 καὶ
382 2157 587 2193 ἀφθαρτίζεται,
601 2161 648 2186 καὶ
668 2161 699 2187 τὸ
717 2162 770 2188 τῶν
791 2163 915 2199 ὀφλημά-

124 2207 177 2225 των
191 2199 313 2236 χάρισμα
328 2202 479 2237 κομίζεται,
491 2205 538 2231 καὶ
553 2206 587 2233 τὰ
599 2207 650 2242 τῆς
662 2207 816 2245 ἐλευθερίας
829 2210 915 2237 υἱοθε-

122 2245 185 2277 σίας
207 2254 237 2273 τε
261 2248 308 2274 καὶ
330 2248 488 2282 δεσποτείας
508 2254 691 2286 φωτεινότατα
714 2255 835 2291 σύμϐολα
850 2266 914 2292 μετ-

119 2291 321 2326 αμφιέννυται,
349 2296 396 2322 καὶ
427 2296 474 2323 τοῦ
503 2298 607 2325 τελείου
639 2300 816 2333 καταξιοῦται
831 2322 838 2335 ,
867 2303 914 2330 καὶ

119 2337 179 2368 τοῖς
194 2337 242 2363 τοῦ
259 2339 347 2373 φωτὸς
356 2340 447 2373 ὅπλοις
456 2342 647 2378 θωρακίξεται,
657 2346 704 2372 καὶ
712 2345 747 2372 τὰ
760 2347 913 2374 τελεώτατα

121 2381 312 2428 τῆςνάνωτάτω
324 2385 420 2420 σοφίας
435 2391 653 2424 μυπαγωγείται
667 2393 812 2428 μυστήρια.
823 2394 913 2421 ’Λπεν-

119 2427 215 2477 τεῦθεν
231 2429 418 2477 ηδηλπρόεισιν
430 2433 476 2459 ἐπὶ
493 2434 541 2470 τὴν
556 2436 603 2462 τοῦ
617 2427 778 2473 ἀμπελῶνος
791 2440 913 2477 καλλιερ-

118 2473 194 2521 γίαν,
208 2474 254 2500 καὶ
267 2475 317 2511 τῆς
330 2477 383 2503 τῶν
398 2479 582 2514 εὐαγγελικῶν
596 2483 769 2519 ἐνταλμάτων
780 2473 911 2521 ἐργασίας

117 2519 244 2566 ἅπτεται,
262 2521 309 2548 καὶ
323 2523 372 2558 τὴν
389 2524 610 2562 ἀγγελομίμητον
628 2529 732 2565 μέτεισι
753 2519 890 2560 πολιτείαν
901 2555 908 2566 ,

118 2564 166 2613 καὶ
189 2567 255 2602 παρ’
275 2567 395 2604 ἰεροθέῳ
420 2569 460 2604 τῷ
484 2571 623 2609 θεολήπτῳ
639 2576 719 2611 φοιτᾷ
742 2564 908 2613 καθηγεμόνι

117 2609 161 2647 (οὗ
178 2613 224 2639 καὶ
240 2613 274 2640 δι’
291 2614 436 2650 ἐγκωμίων
446 2616 528 2649 αὐτὸς
539 2618 567 2644 ὲν
579 2620 634 2651 τοῖς
648 2609 907 2656 Θεολογικοῐς-αῦτοῦ

118 2657 256 2694 μέμνηται
273 2660 493 2698 συγγράμμασιῆ
510 2664 625 2698 καὶτοῖς
639 2666 709 2694 κατά
728 2667 794 2695 Θεὸν
815 2669 908 2705 διαδή-

117 2711 186 2738 μασι
201 2705 403 2740 καταρτίζεται.

154 2748 227 2784 Πρὸς
242 2749 269 2776 δὲ
284 2751 347 2783 τοὺς
362 2751 412 2787 τῆς
425 2753 589 2790 ἐγκρατείας
611 2757 658 2783 καὶ
675 2757 819 2793 ἀσκήσεως
835 2759 909 2794 ἀγῶ-

115 2803 165 2826 νας
180 2798 274 2831 χωρεῖ,
288 2797 334 2824 καὶ
352 2799 442 2826 πᾶσαν
459 2802 574 2828 ποιεῖται
590 2803 704 2839 κομιδὴν
722 2805 772 2840 τῆς
794 2805 840 2832 τοῦ
856 2805 908 2833 δώ-

117 2849 166 2875 ρου
182 2842 332 2877 τηρήσεως,
348 2844 395 2871 καὶ
411 2845 449 2881 τῷ
463 2846 642 2884 δεδωρημένῳ
658 2849 751 2886 δοτῆρι
770 2850 824 2878 τῶν
837 2851 907 2879 ἐάων

116 2888 239 2934 καρποὺς
255 2889 392 2924 ἐπείγεται
407 2893 562 2928 προσοίσειν
575 2895 624 2930 τῆς
635 2896 825 2934 ἀγαθαρχικῆς
838 2899 906 2925 ἐπα-

115 2933 189 2966 ξίους
198 2934 373 2972 ἀγαθότητος,
390 2939 436 2965 καὶ
448 2939 516 2975 πρὸς
529 2940 575 2967 τὸν
588 2941 733 2970 ἀντίπαλον
748 2944 798 2979 τῆς
809 2946 907 2981 ἡμετέ-

968 1884 995 1908 et
1020 1881 1054 1908 ad
1077 1881 1218 1908 lavacrum
1233 1880 1416 1916 baptismatis,
1432 1888 1487 1916 quo
1502 1887 1708 1916 regeneramur,
1723 1881 1760 1908 v3-

968 1932 1080 1963 tamque
1104 1927 1263 1962 recipimus,
1279 1927 1397 1961 accedit,
1412 1931 1439 1955 et
1454 1931 1571 1955 veterem
1598 1931 1759 1962 corruptqu

967 1972 1106 2001 hominem
1121 1974 1207 2006 exuit,
1218 1974 1364 2010 ipsumque
1376 1973 1517 2002 Christum
1533 1973 1594 2001 vita:
1605 1980 1699 2000 amore
1716 1972 1760 1999 in-

966 2019 1054 2048 duens
1068 2019 1246 2054 reformatur,
1260 2026 1287 2049 et
1300 2029 1350 2057 pro
1364 2029 1444 2049 servo
1458 2025 1600 2056 corrupto,
1618 2025 1645 2048 et
1662 2028 1759 2048 corru-

966 2068 1019 2100 pta:
1033 2066 1126 2094 carnis
1149 2066 1215 2100 filio,
1231 2067 1360 2095 increatae
1374 2070 1401 2095 et
1416 2067 1584 2102 incorruptae
1601 2066 1756 2099 Trinitatis,

965 2110 1143 2147 ejusdemque
1158 2112 1331 2145 substantiae,
1344 2113 1424 2148 cujus
1438 2113 1561 2148 potentia
1573 2118 1672 2140 cuncta
1684 2113 1757 2140 edita

966 2160 1041 2188 sunt,
1056 2160 1083 2184 et
1096 2161 1200 2190 creata,
1219 2158 1292 2185 filius
1307 2158 1432 2191 efﬁcitur,
1448 2162 1530 2193 atque
1544 2158 1579 2186 ad
1592 2159 1755 2186 immortali-

965 2206 1060 2235 tatem,
1086 2207 1215 2239 percepta
1241 2203 1398 2232 debitorum
1425 2212 1537 2232 suorum
1567 2205 1730 2232 remissione
1747 2225 1754 2237 ,

965 2250 1147 2284 transcendit,
1163 2251 1311 2284 libertatis,
1328 2251 1494 2287 adoptionis,
1515 2252 1663 2288 berilisque
1678 2257 1756 2288 pote~

964 2295 1043 2323 statis
1069 2297 1201 2332 symbolis
1225 2297 1390 2325 clarissimis
1411 2299 1592 2330 convestitur,
1615 2302 1642 2326 et
1655 2298 1756 2333 dignus

963 2340 1010 2376 qui
1024 2341 1096 2368 inter
1108 2341 1245 2376 perfectos
1261 2346 1417 2377 censeatur,
1433 2343 1517 2371 armis
1531 2343 1601 2371 lucis
1621 2344 1754 2376 munitur,

963 2393 990 2414 et
1003 2387 1212 2421 perfectissimis
1235 2389 1395 2416 celsissimae
1420 2390 1561 2425 sapientiae
1576 2390 1686 2418 arcanis
1700 2390 1754 2417 ini-

963 2433 1058 2461 tiatur.
1077 2433 1147 2461 Hinc
1162 2434 1197 2461 ad
1211 2435 1425 2470 pulcherrimam
1440 2436 1526 2464 vinea:
1539 2436 1673 2464 culturam
1690 2444 1754 2472 pro—

963 2480 1045 2512 cedit,
1069 2479 1244 2516 disciplinam
1269 2482 1455 2516 evangelicam
1480 2481 1561 2510 factis
1581 2484 1752 2518 exsequitur,

964 2527 1071 2555 vivendi
1084 2528 1240 2555 institutum
1255 2535 1305 2562 par
1317 2527 1421 2564 angelis
1433 2529 1602 2564 aggreditur,
1615 2533 1642 2556 et
1654 2530 1681 2556 in
1690 2529 1754 2556 Hie-

963 2574 1050 2602 rotbei
1073 2575 1166 2602 divino
1180 2574 1293 2602 numine
1304 2574 1387 2602 aﬂlati
1398 2575 1575 2610 praeceptoris
1590 2576 1632 2602 sui
1644 2575 1689 2610 (de
1698 2583 1753 2610 quo

961 2621 1021 2656 ipse
1048 2629 1158 2657 quoque
1187 2623 1215 2649 in
1242 2622 1404 2658 tbeologicis
1430 2623 1541 2658 scriptis
1561 2630 1668 2650 summa
1688 2630 1750 2650 cum

961 2667 1041 2695 laude
1064 2668 1231 2695 mentionem
1257 2667 1342 2700 facit)
1367 2667 1541 2702 disciplinam
1565 2675 1594 2695 se
1616 2668 1711 2700 tradit,
1723 2673 1751 2696 et

963 2712 1086 2747 ejusdem
1101 2713 1203 2741 divinis
1216 2714 1440 2741 institutionibus
1453 2714 1589 2741 eruditur.

997 2759 1082 2788 Porro
1101 2760 1130 2787 in
1146 2763 1298 2789 exercenda
1315 2761 1484 2788 continentia
1504 2760 1652 2795 plurimum
1667 2760 1748 2788 desu~

961 2805 1018 2838 dat,
1035 2814 1198 2842 omnemque
1210 2815 1303 2834 curam
1317 2807 1346 2834 in
1358 2815 1391 2834 eo
1404 2807 1464 2841 ipso
1477 2807 1550 2833 dono
1560 2807 1748 2834 conservando

961 2852 1103 2888 impendit,
1119 2858 1147 2881 et
1172 2853 1279 2881 fructus
1304 2853 1426 2880 bonitate
1440 2853 1576 2888 praecipua
1590 2851 1687 2887 dignos
1706 2852 1748 2880 af-

960 2899 1033 2927 ferre
1054 2899 1174 2935 gratioso
1197 2900 1331 2928 donorum
1353 2899 1476 2934 largitori
1504 2902 1631 2926 conatur.
1644 2898 1746 2926 Contra

963 2946 1024 2974 vitae
1046 2954 1076 2976 ac
1099 2947 1195 2976 salutis
1212 2951 1314 2976 nostra:
1329 2945 1515 2975 adversarium
1529 2945 1660 2974 decertat.
1675 2945 1746 2975 Edo-
1777 2966 1780 2969 -
