1950 3065
218 135 268 164 σὸί

805 136 835 166 S.
854 136 1004 166 ῡιοΝἳδιι
1020 137 1252 167 ΑΒΕΟΡΑΟΙΤΕ

1787 141 1835 172 6δί

217 201 279 226 ctus
299 201 343 225 est
362 197 436 225 enim
452 196 590 233 quomodo
611 204 660 232 per
681 196 884 225 immersionem
902 197 930 224 in
943 196 996 225 Jor-

1059 207 1108 232 ρας
1124 197 1196 233 ζωῆς
1212 198 1258 224 καὶ
1276 198 1410 234 σωτηρίας
1423 197 1646 233 ἀνταγωνίζεται·
1662 198 1835 233 μεμυσταγὼ-

217 244 288 272 dane
306 244 417 272 flumine
431 244 536 279 peccati
553 243 626 279 quod
640 244 675 271 ab
687 243 790 271 Adamo
809 244 1005 277 contraximus,

217 294 245 318 et
263 294 370 318 natura;
383 290 508 317 mortalis
522 290 692 325 purgatione,
708 290 780 325 quod
802 291 934 321 muneris,
949 291 1007 326 ipse

216 337 264 371 qui
288 336 405 366 lavacris
426 345 482 364 non
497 337 644 372 indigebat,
660 338 794 364 innocens
817 341 843 364 et
862 343 1004 372 purgatus,

217 383 301 411 nobis
323 384 473 418 impertivit
496 391 588 410 rerum
611 383 734 411 omnium
757 387 864 414 auctor,
882 383 1006 418 provisor

219 430 378 465 unigenitus
393 430 439 457 Dei
452 429 547 461 Filius,
563 429 681 456 Verbum
695 428 755 461 Dei,
766 429 838 464 quod
850 437 911 456 cum
926 428 1006 457 Patre

219 475 356 510 principio
374 479 458 506 caret,
471 477 678 509 sempiternum,
689 474 867 510 ejusdemque
878 474 1006 502 substan-

220 521 274 554 tiae,
287 521 416 556 splendor
423 521 558 557 gloriae,et
570 520 656 548 forma
668 529 728 557 quae
738 520 806 548 nihil
818 528 834 547 a
843 520 932 548 Patris
940 521 1005 548 sul)-

220 569 321 595 stantia
341 568 440 596 diﬁ'ert.
455 567 506 600 Qui
526 575 588 594 cum
610 567 748 595 hominem
768 568 846 602 juxta
866 569 1005 603 propriam

218 613 365 649 imaginem
377 617 404 641 et
413 613 618 641 similitudinem
630 613 809 645 condidisset,
822 614 899 648 isque
919 614 1004 641 invidi

218 660 307 688 hostis
326 659 445 692 insidiis,
457 660 504 694 qui
525 664 665 694 peccatum
690 659 718 688 in
739 660 833 687 orbem
845 660 950 694 primus
962 660 1004 687 in-

218 706 302 738 vexit,
315 713 347 732 ac
357 705 481 733 mulieris
493 705 604 732 hortatu
626 704 733 732 Domini
756 709 918 740 przeceptum
938 712 1004 732 con-

216 752 384 787 tempsisset,
397 752 480 787 388
501 755 528 779 et
551 756 664 786 peccato
680 752 798 786 pollutus
814 751 848 778 ad
863 751 1004 778 interitum

215 799 361 834 prolapsus
373 803 457 830 esset,
473 806 527 826 non
553 798 629 825 illum
651 798 786 833 despexit,
803 798 849 825 sed
868 805 1004 833 propensa

215 843 306 872 Patris
321 844 475 875 affectione,
494 845 630 879 simulque
656 844 683 871 in
709 844 761 871 hoc
788 843 891 879 Spiritu
907 848 1003 871 sancto

215 889 366 923 adnitente,
385 890 514 917 ineffabili
532 890 711 918 humanitatis
726 890 849 917 ubertate
862 898 895 917 ex
914 894 1004 925 pater-
1018 881 1039 908 Β

215 934 260 964 nis
277 934 384 962 sinibus
398 934 538 962 descendit
552 944 559 963 :
571 935 644 962 unde
655 939 744 963 tamen
758 935 782 962 is
796 942 850 962 nou
864 934 1002 968 discessit,

215 979 264 1018 qui
289 979 381 1006 omnia
403 980 506 1015 implet,
523 987 537 1006 a
556 981 630 1008 nulla
644 988 675 1008 re
688 981 923 1016 circumscriptus,
939 988 1002 1008 cum

215 1025 364 1054 descensus
378 1026 487 1054 divinus
508 1034 563 1054 non
583 1035 616 1054 ex
632 1027 684 1054 loci
700 1027 850 1054 mutatione
864 1027 1002 1062 intelliga-

215 1075 270 1098 tur.
286 1071 392 1107 Apagel
410 1072 468 1106 Qua
485 1072 557 1099 enim
575 1073 681 1100 ratione
696 1072 863 1103 descendere
888 1072 912 1100 is
935 1080 1002 1108 pos-

213 1122 265 1149 set,
281 1118 328 1153 qui
353 1122 381 1146 et
403 1126 517 1154 corpore
534 1121 619 1150 caret,
635 1121 663 1145 et
677 1118 752 1145 nullo
766 1118 873 1147 deﬁniri
893 1122 940 1145 aut
956 1119 996 1145 in-

212 1165 298 1199 telligi
314 1169 394 1200 pacto
409 1165 518 1200 potest?
534 1165 586 1192 Sed
604 1172 637 1192 ea
651 1165 767 1196 ratione,
783 1172 844 1200 quae
857 1165 1001 1192 conveniat

213 1208 278 1237 Deo.
296 1209 456 1237 Exinanitur
467 1210 540 1238 enim
555 1209 589 1237 ad
605 1211 687 1238 breve
710 1214 818 1246 tempus
833 1211 924 1238 divina
939 1211 999 1245 glo-

162 1280 167 1284 .
212 1255 253 1282 ria
268 1263 301 1282 ex
317 1255 530 1290 dispensatione,
547 1260 577 1284 ut
589 1264 632 1283 me
645 1263 694 1283 sua
709 1256 832 1291 impleret
846 1256 999 1290 divinitate,

211 1309 245 1329 ac
266 1303 339 1329 dono
361 1301 434 1329 illius
457 1301 530 1329 Deus
550 1301 680 1330 ellieerer.
703 1301 837 1329 Catterum
865 1301 1000 1329 Davidica:

211 1348 308 1382 puellae
322 1348 435 1383 virginis
449 1352 569 1376 ventrem
594 1356 655 1383 quae
676 1347 834 1383 nuptiarum
855 1355 954 1382 expers
967 1355 999 1374 ac

210 1394 323 1421 omnino
348 1394 480 1421 innocens
502 1394 578 1429 virgo
600 1401 708 1429 semper
725 1393 884 1429 permansit,
899 1394 938 1420 uti
955 1402 999 1422 se-

211 1440 321 1471 mentis,
338 1439 433 1472 subiit,
451 1443 532 1476 atque
546 1439 592 1467 ubi
603 1447 713 1467 carnem
728 1447 761 1466 ex
777 1439 851 1467 illius
865 1440 999 1475 sanguine

210 1485 350 1522 produxit,
364 1493 396 1512 ac
405 1493 466 1516 eam
478 1486 569 1513 anima
583 1485 698 1513 rationis
713 1485 922 1520 intellectusque
938 1493 998 1521 par-

209 1530 291 1565 ticipe
310 1530 441 1558 animavit
456 1530 563 1565 sibique
577 1530 726 1565 copulavit,
744 1535 771 1557 et
783 1531 817 1557 ab
833 1530 893 1565 ipsa
906 1531 997 1558 editus

210 1576 282 1605 Deus
292 1584 375 1604 carne
388 1581 547 1612 compactus
562 1577 698 1612 apparuit,
713 1576 813 1612 duplex
825 1577 870 1612 qui
882 1577 996 1612 simplex

208 1627 276 1655 erat,
293 1623 321 1649 in
344 1623 452 1650 duabus
469 1623 598 1658 perfectis
612 1623 783 1651 naturalibus
797 1624 994 1656 voluntatibus.

209 1675 242 1696 ac
256 1668 470 1704 operationibus,
486 1669 514 1696 in
531 1668 668 1702 omnibus,
684 1672 761 1697 extra
787 1673 939 1704 peccatum,
956 1669 996 1697 si-

208 1715 310 1742 militer
325 1723 358 1742 ac
372 1723 423 1743 nos
439 1715 573 1748 mortalis,
592 1715 688 1750 procul
703 1715 783 1742 omni-
797 1716 947 1743 mutatione
965 1723 996 1745 ac

208 1760 370 1788 confusione
394 1760 558 1794 appellatus,
573 1764 601 1787 et
624 1763 686 1797 post
710 1763 866 1794 susceptam
886 1767 996 1787 carnem

208 1812 280 1832 unus
298 1809 329 1832 'et
345 1805 402 1840 ipse
417 1805 504 1833 Filius
515 1811 541 1833 et
555 1813 610 1833 una
625 1806 779 1833 substantia
792 1814 853 1834 esse
866 1807 994 1842 perrexit.

208 1850 266 1878 Sub
284 1854 407 1886 tempOre
431 1851 519 1878 factus
540 1856 593 1884 est,
608 1852 654 1886 qui
667 1858 774 1878 omnem
793 1852 923 1887 temporis
938 1860 997 1879 mo—

207 1900 266 1923 tum
285 1897 462 1929 transcendit,
482 1901 509 1924 et
525 1900 623 1925 natura
641 1897 802 1924 szeculorum
817 1897 939 1924 omnium
954 1901 995 1926 est

207 1941 328 1970 effector.
343 1943 472 1978 Corporis
486 1943 549 1970 item
566 1943 764 1971 incrementum
780 1944 911 1978 suscepit,
921 1947 947 1970 et
962 1944 994 1970 ad

205 1987 312 2015 virilem
327 1991 445 2021 a'tatem,
461 1988 509 2024 qui
522 1988 741 2024 perfectissimus
763 1988 892 2024 omnique
914 1997 995 2024 supe-

206 2032 262 2060 rior
274 2031 442 2067 perfectione
458 2036 517 2061 erat
530 2033 663 2068 pervenit.
678 2033 710 2060 Et
729 2033 811 2063 simul
824 2041 855 2061 ac
870 2042 903 2061 ex
918 2034 994 2062 lava-

205 2085 253 2105 cro
279 2078 432 2113 baptizatus
455 2079 577 2111 emersit,
593 2083 687 2107 contra
703 2079 868 2109 homicidam
883 2084 992 2114 aposta-

203 2127 260 2152 tam
276 2125 381 2152 variam
402 2125 453 2155 init
474 2125 557 2157 viam,
572 2133 604 2152 ac
619 2126 766 2160 tricipitem
778 2126 838 2160 ejus
851 2126 993 2162 impugna-

204 2171 310 2197 tionum
326 2171 480 2200 machinam
496 2172 603 2204 evertit,
618 2172 838 2204 insolescentem.
850 2176 876 2199 et
888 2173 994 2208 magni-

205 2215 254 2244 lice
279 2225 309 2245 se
329 2217 478 2252 jactantem
494 2221 641 2253 tyrannum
656 2218 815 2252 prosternit.
830 2217 941 2246 Varium
959 2226 992 2246 ac

204 2262 347 2296 multiplex
371 2263 551 2290 certaminum
568 2263 651 2294 illius
676 2272 764 2299 genus
789 2264 897 2292 irritum
915 2265 990 2298 facit,
1007 2255 1029 2283 Ῑ)

202 2307 292 2343 ipsum
303 2312 385 2344 captu
400 2309 545 2336 admodum
559 2308 665 2337 facilem
680 2311 778 2343 reddit,
794 2312 927 2339 rationem
941 2320 991 2340 no-

1057 252 1138 279 γηται
1154 244 1208 279 γὰρ
1226 244 1264 275 ὡς
1280 244 1347 280 μετὰ
1367 243 1415 279 τὴν
1432 245 1460 271 ἐν
1474 245 1531 275 τοῖς
1550 243 1711 279 Ἰορδανείοις
1725 244 1836 280 ῥείθροις

1056 289 1106 324 τῆς
1127 288 1283 324 Ἀδαμιαίας
1294 290 1428 325 ἁμαρτίας
1442 290 1596 321 κατάδυσιν,
1604 289 1707 324 καὶτῆς
1717 290 1836 325 βροτείας

1057 334 1163 368 φύσεως
1176 334 1317 370 κάθαρσιν,
1334 335 1367 370 ἦν
1383 336 1447 370 ἡμῖν
1466 335 1673 370 ἐπρυτάνευοεν,
1690 335 1770 365 αὐτὸς
1789 344 1835 362 κα-

1056 380 1177 416 θαρθεὶς,
1194 382 1208 407 6
1222 381 1376 417 καθαρσίων
1395 382 1432 417 μὴ
1448 381 1581 416 δεόμενος,
1595 383 1609 408 ὁ
1624 381 1677 407 τῶν
1697 381 1779 408 ὄντων
1795 381 1835 408 αἰ-

1055 433 1111 457 τιος
1137 425 1182 451 καὶ
1201 425 1367 460 προμηθεὺς,
1383 425 1429 452 τοῦ
1453 425 1519 451 Θεοῦ
1542 425 1685 461 μονογενὴς
1707 425 1770 457 Υἱὸς
1792 426 1836 452 καὶ

1055 475 1139 508 Λόγος
1147 475 1193 500 τοῦ
1207 475 1304 507 Geo-3,6
1312 475 1350 510 τῷ
1361 475 1534 510 γεγεννηκότι
1547 474 1710 510 συνάναρχος
1718 475 1764 501 καὶ
1778 483 1837 501 ςυν-

1054 521 1148 552 αἳόιος,
1160 521 1207 547 καὶ
1223 521 1373 556 ὀμοουσιος,
1391 522 1437 547 καὶ
1451 520 1592 557 χαρακτὴρ
1609 521 1737 556 ὑπάρχων
1751 521 1838 556 ἀτταρ-

1054 567 1184 598 άλλακτος
1205 567 1253 602 τῆς
1273 567 1408 602 πατρικῆς
1433 568 1616 599 ὑποστάσεως,
1637 567 1746 602 καὶτῆς
1761 566 1838 601 δόξης

1055 611 1232 647 ἀπαύγασμα·
1241 613 1255 638 ὁ
1265 613 1322 638 κατ’
1332 612 1434 638 οἰκείαν
1447 613 1495 647 μὲν
1509 612 1610 644 εἰκόνα,
1623 612 1668 638 καὶ
1678 612 1738 638 καθ’
1747 612 1839 647 ομοίω-

1055 666 1097 684 σιν
1111 657 1216 689 πλάσας
1232 658 1276 683 τὸν
1292 658 1445 693 ἄνθρωπον
1460 658 1553 684 τοῦτον
1570 658 1598 684 δὲ
1614 657 1653 692 τῷ
1671 657 1717 683 τοῦ
1737 657 1836 692 δυσμε-

1053 703 1115 735 νοῦς
1127 704 1280 739 ὰρχεκάκου
1293 704 1437 740 δράκοντος
1447 703 1616 739 δελεάσματι,
1632 704 1677 730 καὶ
1688 705 1720 738 τῇ
1732 703 1781 738 τῆς
1791 712 1838 736 γυ-

1053 750 1144 782 ναικὸς
1159 750 1284 786 ἐπηρείᾳ,
1299 750 1347 785 τὴν
1363 750 1523 785 δεσποτικὴν
1540 749 1647 785 ἐντολὴν
1660 749 1837 784 ἁθετήσαντα,

1054 796 1100 822 καὶ
1124 797 1157 831 τῇ
1184 796 1305 831 ἁμαρτίᾳ
1328 796 1557 832 καταχρανθέντα,
1574 796 1621 822 καὶ
1643 795 1710 831 πρὸς
1737 795 1838 830 φθορὰν

1054 845 1283 881 κατολισθήσαντα
1295 846 1332 881 μὴ
1344 845 1472 882 παριδὼν,
1481 845 1536 871 ἀλλ’
1548 845 1656 881 εὐδοκία
1667 846 1713 872 τοῦ
1723 846 1838 881 Πατρὸς,

1053 893 1100 919 καὶ
1115 893 1243 928 συνεργίᾳ
1251 893 1298 919 τοῦ
1317 892 1394 926 ἁγίου
1407 892 1476 920 Πνεὺ
1481 900 1564 927 ματος
1578 890 1621 918 διὰ
1637 891 1840 926 φιλανθρωπίας

1053 939 1155 974 ἄφατον
1181 939 1307 973 πέλαγος,
1329 940 1361 965 ὲκ
1388 938 1441 966 τῶν
1470 937 1602 974 πατρῴων
1631 937 1838 972 καταϐεὸηκὼς,

1051 985 1112 1011 ὅθεν
1127 985 1177 1012 οὐκ
1193 985 1308 1020 ἀπέστη,
1323 985 1444 1011 κόλπων·
1461 985 1475 1011 ὁ
1490 984 1578 1015 πάντα
1595 983 1714 1018 πληρῶν,
1726 983 1773 1010 καὶ
1789 993 1841 1019 μη-

1051 1031 1106 1058 δενὶ
1124 1031 1367 1066 περιγραφόμενος,
1381 1031 1411 1057 οὐ
1428 1029 1614 1066 μεταϐατικῶς
1629 1029 1679 1064 τῆς
1688 1028 1762 1060 θείας
1772 1028 1841 1055 καθ-

1051 1076 1111 1102 όδου
1133 1076 1290 1111 νοουμένης,
1322 1076 1423 1109 ἄπαγεί
1443 1075 1524 1110 (πῶς
1541 1074 1595 1110 γὰρ
1607 1074 1640 1101 ἂν
1661 1073 1793 1109 μεταϐαίη
1811 1074 1840 1100 τὸ

1051 1121 1204 1156 ἀσώματον,
1217 1121 1263 1148 καὶ
1274 1121 1473 1156 ἁπεριόριστον,
1483 1121 1530 1147 καὶ
1545 1120 1722 1156 ἁπερινόητον
1732 1118 1758 1154 ;)
1773 1119 1841 1146 ἀλλὰ

1051 1165 1224 1200 Θεοπρεπῶς·
1253 1165 1376 1191 κενοῦται
1399 1166 1453 1200 γὰρ
1476 1164 1543 1200 πρὸς
1569 1165 1654 1199 βραχὺ
1673 1165 1722 1198 τῆς
1743 1164 1840 1198 θεῖκῆς

1049 1210 1128 1247 δόξης
1137 1210 1324 1246 οίκονομικῶς,
1336 1210 1379 1236 ἵνα
1392 1219 1425 1245 με
1440 1209 1571 1246 πληρώσῃ
1584 1210 1634 1244 τῆς
1650 1209 1732 1236 αὑτοῦ
1750 1209 1842 1245 Θεότην

1049 1266 1104 1289 τος,
1121 1257 1167 1284 καὶ
1180 1257 1239 1288 θεὸς
1254 1257 1345 1291 χάριτι
1365 1256 1497 1290 γένωμαι·
1513 1255 1562 1291 τὴν
1576 1255 1742 1291 παρθενικὴν
1755 1256 1784 1282 δὲ
1794 1265 1837 1291 νη-

1049 1303 1095 1331 δὺν
1113 1303 1162 1339 τῆς
1175 1303 1362 1339 ἁπειρογάμου
1379 1302 1515 1335 πανὰγνου
1531 1302 1577 1328 καὶ
1591 1302 1770 1337 ἁειπαρθένου
1790 1303 1841 1328 Διι-

1049 1348 1148 1380 6ίτιδος
1168 1349 1262 1384 κόρης,
1282 1349 1363 1375 οἱονεὶ
1376 1347 1487 1383 σπόρος,
1505 1347 1603 1378 εἰσδὺς,
1624 1347 1670 1374 καὶ
1687 1347 1785 1378 κτίσας
1809 1348 1842 1373 ἐκ

1047 1393 1101 1420 τῶν
1113 1394 1198 1429 αὐτῆς
1212 1393 1335 1428 αἱμάτων
1352 1393 1449 1428 σάρκα,
1463 1392 1509 1419 καὶ
1520 1391 1648 1427 ψυχώσας
1659 1392 1732 1427 ψυχῇ
1743 1392 1842 1428 λογικῇ

1047 1447 1077 1466 τε
1093 1439 1140 1466 καὶ
1153 1440 1243 1475 νοερᾷ,
1258 1439 1304 1466 καὶ
1324 1438 1426 1469 ἑνώσας
1443 1437 1541 1472 ἐαυτῷ,
1558 1437 1604 1464 καὶ
1621 1437 1726 1472 τεχθεὶς
1741 1437 1771 1470 ἐξ
1790 1438 1841 1464 αὺ-

1047 1485 1096 1521 τῆς
1120 1485 1185 1517 Θεὸς
1209 1484 1425 1521 σεσαρκωμένος,
1446 1483 1556 1515 διπλοῦς
1575 1485 1589 1510 ὀ
1605 1483 1717 1515 ἁπλοῦς,
1732 1485 1762 1510 ἐν
1781 1484 1843 1510 ausi.

1049 1530 1164 1562 τελείαις
1178 1532 1304 1565 φυσικαῖς
1318 1530 1443 1565 θελήσεσι
1458 1529 1505 1555 καὶ
1528 1529 1688 1564 ἐνεργείαις,
1703 1529 1751 1555 καὶ
1769 1529 1842 1556 κατὰ

1049 1578 1137 1607 πάντα
1152 1575 1362 1613 κεχρηματικὼς
1377 1575 1437 1602 καθ’
1447 1576 1529 1611 ἡμᾶς,
1542 1576 1611 1611 πλὴν
1625 1575 1675 1611 τῆς
1690 1576 1843 1611 ἁμαρτίας,

1048 1624 1152 1660 βροτὸς,
1168 1625 1258 1660 πάσης
1277 1624 1342 1660 ἄτερ
1365 1623 1468 1659 τροπῆς
1478 1622 1529 1648 ’καὶ
1545 1621 1701 1656 συγχύσεως
1717 1630 1843 1657 μεμε-νη-

1047 1669 1111 1702 κὼς.
1129 1671 1175 1697 καὶ
1200 1670 1269 1706 μετὰ
1291 1670 1339 1706 τὴν
1363 1669 1499 1705 σάρκωσιν
1517 1664 1557 1699 εἴς
1573 1668 1619 1694 καὶ
1641 1668 1656 1694 ὀ
1671 1667 1752 1699 αὐτὸς
1771 1667 1843 1700 υἱὸς,

1046 1717 1093 1744 καὶ
1112 1717 1160 1753 μία
1182 1717 1345 1748 ὑπόστασις·
1363 1716 1416 1743 ὑπὸ
1431 1716 1524 1751 χρόνον
1536 1723 1566 1741 τε
1579 1713 1707 1749 γεγονὼς,
1720 1715 1734 1740 ὁ
1748 1715 1844 1749 πάσης

1046 1763 1208 1798 ὑπερέκεινα
1229 1762 1356 1798 χρονικῆς
1376 1763 1518 1797 κινήσεως,
1535 1761 1581 1788 καὶ
1598 1760 1705 1788 πάντων
1723 1760 1844 1796 ποιητὴς

1045 1808 1099 1835 τῶν
1116 1808 1220 1835 αἰώνων
1239 1807 1382 1843 πεφυκώς·
1408 1808 1455 1838 καὶ
1477 1807 1704 1842 καταδεδεγμένος
1723 1806 1844 1841 αὔξησιν

1047 1854 1213 1890 σωματικὴν,
1234 1854 1280 1881 καὶ
1297 1855 1336 1886 εἰς
1360 1853 1468 1889 ἡλικίαν
1498 1852 1633 1889 ἐληλυθὼς
1658 1852 1802 1888 ἀνδρικὴν,
1829 1853 1845 1878 ὁ

1045 1901 1209 1932 παντέλειος,
1236 1900 1283 1926 καὶ
1308 1899 1470 1935 ὑπερτελής·
1489 1898 1535 1925 καὶ
1561 1897 1732 1933 βαπτισθεὶς,
1756 1898 1844 1930 εὐθὺς

1045 1947 1098 1974 ἀπὸ
1115 1947 1160 1974 τοῦ
1176 1946 1362 1982 βαπτίσματος
1374 1945 1502 1978 ἐξαναδὺς
1516 1945 1558 1971 ἐπὶ
1574 1944 1622 1980 τὴν
1638 1944 1706 1979 πρὸς
1721 1944 1769 1969 τὸν
1791 1944 1844 1969 ἁν-

1045 1992 1230 2028 θρωποκτόνον
1244 1992 1399 2026 ἀποστάτην
1413 1992 1481 2017 ἵεται
1493 1991 1605 2026 πλάνην,
1622 1990 1669 2016 καὶ
1679 1990 1727 2024 τὴν
1741 1989 1839 2024 τρικα-

1046 2040 1124 2075 ρανον
1143 2038 1197 2064 τῶν
1213 2036 1306 2064 δεινῶν
1326 2036 1407 2062 αὑτοῦ
1423 2035 1618 2070 παλαισμάτων
1633 2033 1764 2060 καταλύει
1785 2043 1844 2069 μη-

1043 2088 1141 2122 χανήν·
1158 2085 1260 2113 καὶτὸν
1272 2084 1389 2116 ἀλαζόνα
1403 2083 1449 2110 καὶ
1464 2082 1632 2118 μεγάλαυχον
1651 2081 1845 2107 καταπαλαίει

1043 2132 1182 2168 τύραννον,
1205 2132 1251 2158 καὶ
1273 2131 1319 2157 τὸν
1336 2129 1524 2157 πολυποίκιλον
1538 2129 1590 2156 τῶν
1608 2128 1690 2155 αὐτοῦ
1708 2128 1845 2163 πολέμων

1043 2178 1125 2214 ἑσμὸν
1140 2179 1281 2213 καταργεῖ,
1297 2178 1344 2204 καὶ
1363 2177 1524 2213 εὐχείρωτον
1543 2176 1623 2202 αὐτὸν
1637 2175 1756 2212 τίθησιν,
1769 2177 1848 2202 ὑποε-

1043 2223 1171 2259 γραμμὸν
1186 2224 1250 2258 ἡμῖν
1271 2222 1428 2254 ὑποδεικνὺς
1446 2222 1496 2256 τῆς
1511 2222 1577 2256 πρὸς
1597 2221 1676 2247 αὑτὸν
1697 2223 1846 2256 καρτερᾶς

1045 2269 1145 2304 μάχης,
1171 2270 1218 2295 καὶ
1245 2269 1293 2303 τῆς
1321 2269 1381 2295 κατ’
1396 2267 1479 2295 αὑτοῦ
1503 2267 1591 2299 διδοὺς
1615 2266 1757 2303 ἀριστείας
1787 2267 1846 2298 τὰς

1043 2314 1178 2349 ἀφορμάς.

202 2353 245 2382 bis
261 2353 418 2386 ostendens,
437 2362 490 2393 qua
511 2355 550 2387 illi
564 2357 622 2384 acri
638 2365 730 2393 pugna
746 2359 949 2393 resisteremus,
967 2364 994 2389 et
1009 2360 1179 2390 fortitudinis
1197 2362 1375 2393 occasiones,
1395 2361 1497 2397 quibus
1521 2365 1617 2388 contra
1640 2361 1716 2388 illum
1743 2365 1847 2388 utere.

201 2407 275 2431 mur,
293 2400 423 2435 impertit.

236 2447 278 2475 Ad
293 2449 446 2484 exemplum
461 2457 525 2486 ergo
540 2452 602 2479 vitae
617 2454 720 2487 optime
737 2455 894 2483 constitutae
908 2463 990 2491 gene-

201 2501 282 2522 rosus
296 2494 341 2521 hic
355 2495 455 2523 athleta
478 2496 623 2533 Dionysius
639 2507 718 2526 suam
733 2500 820 2535 ipsius
835 2502 990 2536 composuit

199 2545 283 2575 atque
311 2540 455 2576 formavit;
480 2551 514 2571 ex
541 2544 616 2571 fonte
641 2545 753 2573 Luminis
778 2546 841 2573 vitae
868 2548 988 2575 auctoris

198 2589 320 2618 exortus,
338 2590 366 2613 et
393 2587 490 2622 gratia,
506 2595 567 2622 qua:
591 2587 654 2615 inde
679 2589 790 2624 petitur,
812 2593 945 2622 armatus,
960 2595 987 2617 et

198 2631 328 2663 unctione
341 2631 433 2659 divina
446 2638 595 2668 perunctus
611 2633 683 2667 (non
700 2633 779 2660 aliter
794 2641 825 2661 ac
841 2634 988 2663 luctatores

197 2681 293 2705 contra
307 2677 434 2706 hostilem
450 2679 537 2707 aciem
554 2679 582 2705 in
598 2679 733 2713 palaestris
750 2679 917 2715 insurgunt)
939 2680 986 2707 ad-

196 2730 291 2751 versus
307 2723 522 2754 infensissimum
538 2725 682 2757 latronem,
700 2725 803 2760 viaeque
817 2734 871 2760 qua
887 2725 941 2752 itur
952 2727 985 2754 ad

197 2769 282 2796 cmlos
294 2769 467 2797 obsessorem
483 2773 510 2796 et
526 2770 688 2798 insidiosum
707 2771 875 2804 bellatorem,
892 2773 985 2801 confe-

196 2815 260 2841 stim
281 2815 364 2849 369
386 2816 543 2850 opponitur,
558 2825 589 2843 ac
611 2825 721 2846 omnem
739 2819 800 2846 vitae
820 2819 983 2847 sollicitudi—

196 2867 259 2891 nem
275 2859 380 2894 abjicit,
396 2864 423 2890 et
447 2865 520 2890 totus
535 2862 634 2893 divinae
660 2865 687 2892 in
712 2865 797 2897 Deum
822 2866 983 2897 intentionis

1076 2453 1148 2490 Πρὸς
1162 2452 1207 2481 οὖν
1223 2455 1253 2481 τὸ
1267 2455 1318 2490 τῆς
1333 2453 1520 2490 σωτηριώδους
1531 2455 1667 2487 πολιτείας
1678 2457 1846 2495 ὑπόδειγμα

1040 2501 1084 2527 τὸν
1099 2501 1195 2527 ἑαυτοῦ
1208 2500 1345 2541 ῥυθμίζων
1365 2502 1412 2527 καὶ
1427 2501 1585 2529 ἀπευθύνων
1601 2501 1657 2537 βίον
1672 2504 1688 2530 ὁ
1699 2505 1846 2539 γεννάδας

1037 2545 1123 2579 οὗτος,
1140 2547 1189 2582 τῆς
1211 2547 1257 2573 τοῦ
1283 2546 1438 2582 ζωαρχικοῦ
1467 2547 1640 2583 φωτίσματος
1658 2548 1846 2583 ὲξανατείλας

1039 2593 1139 2629 πηγῆς,
1155 2593 1201 2619 καὶ
1230 2592 1278 2629 τὴν
1302 2593 1406 2619 ἐκεῖθεν
1428 2593 1606 2628 ὁπλισάμενος
1627 2593 1716 2629 χάριν,
1730 2596 1780 2623 καὶ
1798 2596 1845 2632 τῷ

1041 2638 1105 2673 θείῳ
1119 2637 1239 2673 χρισθεὶς
1255 2637 1402 2673 ἀλείμματι
1419 2638 1555 2673 (καθάπερ
1570 2639 1594 2664 οἱ
1611 2640 1639 2665 ἐν
1654 2641 1715 2671 ταῖς
1733 2641 1844 2668 παλαι⁶

1041 2692 1134 2719 στραις
1146 2692 1179 2718 γυ
1184 2684 1300 2719 μνασταῒ¹
1313 2683 1381 2719 πρὸς
1392 2683 1523 2719 πολεμίαν
1535 2685 1845 2722 ἀντιπαραταττόμενοι

1040 2729 1197 2765 φάλαγγα·)
1212 2730 1381 2767 παραχρῆμα
1405 2729 1473 2765 πρὸς
1496 2731 1541 2757 τὸν
1564 2731 1614 2764 τῆς
1636 2731 1677 2762 εις
1697 2731 1846 2767 οὐρανοὺς

1039 2775 1192 2811 ἀναγούσης
1208 2775 1320 2811 πορείας
1334 2775 1523 2802 ἀντιτάσσεται
1543 2776 1759 2812 δυσμενέστατον
1779 2779 1846 2805 ὀδο-

1039 2820 1149 2856 στάτην,
1167 2820 1380 2855 πανουργότατον
1397 2820 1579 2855 πολεμήτορα,
1594 2821 1640 2848 καὶ
1663 2821 1714 2852 τὰς
1740 2822 1843 2857 βιωτιν

1038 2866 1088 2897 κάς
1104 2865 1259 2897 ἀποτίθεται
1274 2866 1424 2904 φροντίδας,
1439 2867 1487 2897 καὶ⁴
1496 2866 1545 2901 τῆς
1560 2867 1627 2902 «pb;
1644 2867 1712 2895 Θεὸν
1727 2868 1845 2899 ἀνατά-
