1950 3065
127 175 182 203 655

615 174 706 207 VITA,
723 173 887 202 AUCTORE
903 171 1079 200 MlCllAELE
1097 171 1261 200 SYNGELO.

1695 173 1744 201 653

129 238 197 262 σεως
210 230 270 262 ὅλος
283 230 399 267 ἐραστὴς
416 231 463 258 καὶ
475 232 628 267 ἀγωνιστὴς
642 231 812 263 καθίσταται,
828 239 912 266 προσ-

968 233 1072 256 amator
1087 232 1114 256 et
1128 229 1202 264 pugil
1217 229 1342 258 edicitur.
1358 229 1485 257 Assiduis
1500 229 1627 264 precibus
1641 229 1686 258 die
1700 239 1747 257 no-

128 279 220 312 ευχαῖς
250 278 384 310 συντόνοις
396 279 565 314 διημερεύων
579 288 608 305 τε
626 279 673 305 καὶ
688 278 910 314 διανυκτερεύων,

129 324 175 351 καὶ
189 324 345 359 παννυχίσιν
357 324 468 356 ἀΰπνοις
483 324 666 360 ὲγκαρτερῶν,
677 325 723 350 καὶ
734 324 870 360 νηστείαις
882 323 913 349 τὸ

129 369 239 405 σαρκίον
249 370 386 405 δαμάζων,
399 371 445 397 καὶ
455 371 504 406 τὴν
517 371 625 407 χείρονα
637 373 731 407 μοῖραν
743 370 913 397 καθυποτάσ-

129 423 182 441 σων
208 417 240 451 τῇ
266 416 408 452 κρείττονι,
424 416 469 443 τὸν
487 416 551 452 χοῦν
571 417 610 452 τῷ
632 417 681 448 νοῒ,
696 417 742 443 καὶ
760 416 808 451 τὴν
825 415 912 450 γεώδη

129 459 334 486 καταλεπτύνων
358 460 508 496 παχύτητα,
528 461 545 496 ἢ
570 462 630 493 ταῖς
653 461 790 492 διανοίαις,
808 457 852 487 οἶά
873 468 914 492 τις

128 504 225 540 ὀμίχλη
245 505 366 541 ζοφώδης
383 507 442 538 ταῖς
463 507 588 542 ἡλιακαῖς
608 508 723 538 ἀκτῖσιν,
741 505 913 541 ἐπιπροσθεῑν

129 550 331 579 εἴωθεν.“¹Ενθεν
355 553 401 578 ἐπὶ
425 553 455 579 τὸ
479 553 528 588 τῆς
555 553 670 588 θεωρίας
690 552 755 587 ὕψος
774 552 913 586 ἀνάγεται,

128 598 174 624 καὶ
196 599 256 629 ταῖς
282 597 345 633 περὶ
371 599 436 625 Θεὸν
460 599 574 630 ἐννοίαις
604 598 793 634 ὲμφιλοχωρεῖ,
823 598 914 634 πάσης

130 642 244 675 ὑλώδους
257 644 287 670 τὸ
303 644 353 678 τῆς
365 644 454 680 ψυχῆς
468 645 581 677 θεοειδὲς
594 644 716 679 ἀφιστῶν
730 644 913 679 ἐνθυμήσεως,

129 689 175 716 καὶ
186 689 216 715 τὸ
231 689 322 725 νοερὸν
337 690 421 726 αὐτῆς
430 690 506 726 δμμα
516 692 584 726 πρὸς
596 691 645 726 τὴν
659 690 761 717 ἐκεῖθεν
776 690 915 726 ἀπαστρά-

130 743 246 762 πτουσαν
273 736 386 770 ἀγλαΐαν
418 736 476 768 ὅλος
504 736 665 772 ἀναπτεροῖ,
699 737 758 768 ταῖς
799 737 914 763 ἀποστο-

129 780 216 812 λικαῖς
240 781 408 813 αὺτοπτικῶς
433 782 572 818 ἐντρυφῶν
595 782 732 818 διδαχαῖς,
756 783 802 810 καὶ
827 783 915 809 πᾶσαν

130 827 225 862 καινήν
249 836 278 854 τε
302 828 348 854 καὶ
367 828 483 855 παλαιὰν
507 828 658 864 ίερολογίαν
678 828 814 864 ἀναπνοὴν
828 828 916 865 ἑαυτῷ

130 873 176 902 καὶ
193 874 295 909 τροφὴν
310 875 551 910 κατεργαζόμενος,
566 873 622 906 τοῖς
636 875 687 910 τῆς
702 875 856 910 πρακτικῆς
870 875 916 901 καὶ

963 282 1063 313 ctuque
1093 277 1215 304 intentus
1238 281 1322 304 lotam
1348 281 1455 304 noctem
1482 277 1558 304 ducit
1584 277 1747 306 insomnem.

963 324 1079 350 Carnem
1093 323 1207 358 jejuniis
1222 322 1325 355 domat,
1341 327 1369 350 et
1382 323 1545 351 deteriorem
1562 327 1666 358 partem
1681 331 1750 358 pra:-

963 368 1092 396 stantiori
1107 368 1230 402 subjicit,
1247 376 1344 403 nempe
1359 369 1497 403 pulrerem
1515 369 1609 401 menti,
1624 373 1652 396 et
1664 372 1751 396 terre-

963 423 1026 443 nam
1039 415 1260 448 crassitudinem,
1273 423 1334 450 qua:
1345 416 1471 443 sensibus
1484 416 1596 450 perinde
1606 423 1638 442 ac
1653 416 1752 443 nebula

963 463 1089 498 quaedam
1104 462 1248 490 tenebrosa
1267 462 1403 489 solaribus
1426 470 1487 489 sese
1510 462 1595 490 radiis
1613 470 1752 498 opponere

964 509 1115 540 consuevit,
1130 508 1302 535 comminuit.
1327 507 1396 534 lliuc
1412 507 1445 535 ad
1460 509 1656 543 speculatioais
1670 509 1753 537 celsi—

964 553 1084 581 tudinem
1110 553 1223 585 tollitur,
1240 553 1409 588 libenterque
1434 554 1460 580 iu
1487 553 1698 588 cogitationibus
1719 554 1753 582 de

964 599 1019 627 Deo
1035 604 1171 631 versatur,
1187 599 1307 626 divinam
1321 600 1419 626 anian
1428 599 1541 634 elligiem
1552 600 1586 627 ab
1596 601 1670 627 omni
1686 608 1753 628 con-

965 645 1131 673 sideratione
1145 648 1254 672 terrena
1276 652 1429 676 removens,
1447 649 1474 672 et
1494 645 1645 679 spiritualis
1667 645 1754 680 ipsius

964 692 1062 720 oculus
1075 692 1109 719 ad
1124 691 1276 718 claritatem
1292 691 1366 718 illam
1387 699 1447 726 qua:
1468 691 1542 718 illiue
1558 691 1666 726 ellulget
1680 695 1755 719 totus

965 737 1063 770 evolat,
1079 741 1105 764 et
1131 737 1158 764 in
1181 737 1339 772 apostolicis
1355 736 1490 764 doctrinis
1510 737 1636 771 prrescnti
1663 737 1756 764 animo

965 785 1120 813 deiiciatur.
1135 783 1237 812 Novam
1254 784 1318 812 item
1333 791 1442 811 omnem
1458 786 1540 818 atque
1555 787 1673 810 veterem
1686 781 1755 809 divi—
1801 801 1804 804 ι

966 840 1007 861 na:
1024 833 1090 867 legis
1106 831 1292 866 scriptionem,
1312 830 1394 865 idque
1405 829 1514 856 virtutis
1529 829 1602 856 illius
1615 829 1755 856 abundan-

967 879 1015 910 tia,
1031 886 1092 913 quae
1115 878 1143 905 in
1166 877 1275 905 actione
1288 881 1314 904 et
1327 875 1560 911 contemplatione
1575 878 1710 907 versatur,
1727 879 1756 901 ut

130 918 298 954 θεωρητικῆς
315 920 414 955 ἀρετῆς
432 921 657 957 πλεονεκτήμασι,
675 922 731 952 τοῖς
746 920 852 947 Παύλου
865 920 912 947 τοῦ

968 925 1173 960 respirationem
1197 925 1251 952 sibi
1279 931 1311 951 ac
1335 924 1425 951 cibum
1449 923 1602 950 constituit.
1621 922 1670 950 Hic
1694 930 1756 949 cum

129 964 264 1001 μακαρίου
278 965 497 998 διοπτικωτάτοις
513 967 679 1001 καταφανεὶς
696 966 852 1002 ὀφθαλμοῖς,
869 967 915 993 καὶ

131 1010 234 1046 βαθμοῦ
261 1011 307 1037 τοῦ
333 1012 383 1047 τῆς
409 1013 549 1048 ίεραρχίας
573 1013 647 1045 ἄξιος
671 1013 786 1048 κριθεὶς,
809 1013 916 1049 πρῶτος

136 1056 254 1092 Ἀθηνῶν
267 1058 415 1091 ἐπίσκοπος
429 1060 474 1085 ὑπ’
487 1059 568 1086 αὑτοῦ
585 1059 797 1096 προχειρίζεται,
809 1059 915 1094 καὶτῆς

128 1102 231 1134 οἰκείας
245 1104 373 1140 πατρίδος
387 1105 476 1141 πατὴρ
493 1105 696 1141 ἀναγορεύεται,
715 1106 762 1132 καὶ
776 1105 811 1132 τὰ
832 1106 915 1141 ἀκρο-

130 1148 202 1176 θίνια
219 1150 273 1176 τῶν
288 1150 403 1184 λογικῶν
419 1152 589 1187 πραγμάτων
605 1152 796 1187 ἐγχειρίζεται,
811 1152 858 1179 καὶ
871 1151 916 1178 τὸν

129 1195 222 1226 αὐτόθι
247 1198 445 1224 πεπιστευκότα
467 1198 530 1225 λαὸν
554 1198 765 1234 ἐμπιστεύεται·
790 1198 843 1224 ἔδει
863 1197 916 1233 γὰρ

129 1242 178 1277 τὴν
207 1243 380 1278 ὲνεγκοῦσαν,
413 1245 460 1271 καὶ
488 1245 673 1281 θρεψαμένην,
702 1246 749 1272 καὶ
775 1244 917 1272 παιδεύσα-

130 1296 180 1315 σαν
202 1289 287 1322 πόλιν,
299 1290 337 1326 τῷ
360 1290 417 1326 ίδίῳ
441 1291 618 1327 βλαστήματι,
633 1292 679 1318 καὶ
702 1291 848 1327 θρέμματι,
869 1291 917 1317 καὶ

130 1336 292 1372 παιδεύματι
313 1337 423 1374 πρώτην
447 1338 658 1373 ὲπαγλαῖζεσθαι
682 1338 781 1375 πρώτῳ
803 1338 857 1365 τῶν
887 1339 916 1372 ἐξ

129 1381 214 1417 αὐτῆς
239 1385 430 1418 πνευματικῶς
458 1384 569 1421 Χριστῷ
590 1385 628 1420 τῷ
648 1385 698 1420 τῆς
723 1385 858 1421 σωτηρίας
874 1385 917 1411 al-

128 1426 177 1462 τίῳ
200 1429 403 1464 γεγενημένων,
430 1431 476 1457 καὶ
503 1431 571 1460 πᾶσι
593 1432 650 1462 τοῖς
682 1430 753 1457 κατὰ
783 1430 839 1466 βίον
869 1430 916 1457 καὶ

129 1471 206 1507 λόγον
220 1475 364 1510 πρωτείοις
376 1476 518 1511 τηλαυγῶς
533 1477 697 1512 πρωτεύοντι
707 1486 714 1492 ο
726 1478 773 1503 καὶ
789 1478 847 1508 ταῖς
859 1485 917 1504 ποι-

130 1522 273 1554 μαντικαίς
288 1521 335 1548 τοῦ
357 1522 522 1557 παναρίστου
538 1523 617 1555 υίέως
632 1524 754 1559 ἠγεσίαις
771 1522 915 1554 ἰθύνεσθαι,

129 1565 289 1600 φωτίζοντος
303 1568 387 1603 αὐτῆς
400 1568 437 1595 τὰ
451 1569 522 1596 κατὰ
538 1569 603 1596 Θεὸν
623 1569 787 1606 διαϐήματα,
801 1570 848 1596 καὶ
871 1570 916 1596 ἐπὶ

130 1613 280 1648 σωτηρίους
305 1614 390 1649 νομὰς
414 1615 535 1648 ἄγοντος,
554 1616 600 1642 καὶ
623 1616 651 1647 ἐς
672 1616 754 1642 τόπον
775 1617 856 1652 χλόης
867 1617 917 1652 τῆς

128 1657 203 1690 λείας
227 1659 273 1685 καὶ
300 1659 444 1695 ἀκιὸδήλου
473 1661 646 1693 διδασκαλίας
672 1662 916 1698 κατασκηνούντος,

129 1705 176 1732 καὶ
189 1705 235 1731 ἐπὶ
250 1704 344 1737 ὓδατος
359 1706 547 1739 ἀναπαύσεως,
564 1707 614 1742 τῆς
631 1708 769 1743 μακαρίας
782 1708 917 1745 ὅντωςλή-

129 1751 196 1784 ξεως
209 1752 394 1787 ἐκτρέφοντος.

166 1798 199 1824 Ὢ
214 1798 263 1833 τῆς
276 1797 455 1832 θεοψηφίστου
474 1798 525 1834 τῆς
537 1798 591 1825 τῶν
615 1799 761 1834 Ἀθηναίων
782 1800 919 1836 μητροπό-

128 1843 197 1875 λεως
215 1843 365 1879 εὐμοιρίας,
381 1844 419 1876 ὡς
433 1845 631 1880 τρισμακάριος
644 1846 777 1881 ὑπάρχειί
796 1846 834 1877 ὡς
852 1847 919 1883 ἀλη-

128 1889 183 1921 θῶς
207 1891 253 1917 καὶ
273 1890 424 1925 τρισόλϐιος
447 1891 523 1923 πόλις
542 1891 661 1918 τοιοῦτον
678 1892 794 1919 τεκοῦσα
810 1894 857 1920 καὶ
872 1893 920 1919 λα-

128 1936 214 1974 χοῦσα
231 1938 348 1972 ποιμένα
358 1957 365 1968 ,
381 1938 428 1964 καὶ
444 1938 613 1975 προηγέτην,
629 1939 675 1965 καὶ
697 1939 865 1971 διδάσκαλον,
881 1939 919 1971 ὡς

127 1984 143 2009 ὁ
162 1983 330 2020 Ίσραηλίτης
341 1984 403 2015 λαὸς
419 1984 501 2010 πάλαι
515 1985 560 2011 τὸν
573 1985 690 2012 Μωῦσέα
701 1986 707 2012 !
718 1985 764 2012 καὶ
775 1985 829 2021 γὰρ
840 1985 919 2017 ἄλλος

127 2037 172 2060 τις
193 2029 378 2057 ἁναδέδεικται
401 2031 536 2066 Μωῦσῆς,
560 2031 704 2066 Αἴγυπτον,
725 2033 775 2068 τὴν
802 2032 919 2068 ζοφερὰν

127 2075 200 2109 λέγω
217 2076 262 2102 καὶ
279 2076 407 2103 πολύθεον
424 2077 564 2113 εἰδωλικὴν
581 2078 695 2114 πλάνην,
713 2079 743 2105 οὺ
766 2079 832 2105 δέκα
848 2079 919 2115 πλη-

128 2124 190 2156 γαῖς
214 2121 281 2148 ἀλλὰ
299 2123 408 2158 μυρίαις
425 2124 619 2159 καιριωτάταις
635 2125 681 2151 καὶ
698 2125 919 2160 πυρωδεστάταις

127 2167 183 2195 τῶν
204 2168 283 2203 ἱερῶν
300 2169 381 2195 αὑτοῦ
406 2169 547 2205 δογμάτων
568 2171 615 2197 καὶ
642 2170 814 2206 διδαγμάτων
835 2180 919 2198 κατα-

127 2212 259 2245 τοξεύσας
272 2214 371 2249 βολαῖς’
388 2216 435 2241 καὶ
450 2216 496 2242 τὸν
514 2216 562 2251 μὲν
575 2216 669 2252 νοητὸν
683 2216 782 2253 Φαραὼ
799 2218 848 2244 σὺν
859 2219 920 2249 ταῖς

128 2259 264 2295 ὀλεθρίαις
279 2261 360 2287 αὑτοῦ
383 2261 523 2297 δυνάμεσι,
534 2264 595 2294 ταῖς
615 2263 684 2298 προς
700 2264 750 2299 τῆς
770 2263 853 2291 αὐτοῦ
870 2273 919 2290 κα-

128 2306 288 2341 κοδαίμονος
303 2307 410 2344 ἀπάτης
430 2309 623 2345 ἐπιφυομέναις
641 2310 825 2342 ζιζανιώδεσιν
845 2311 918 2346 αἱρε-

128 2354 218 2384 τικαῖς
233 2354 438 2388 εἰκαιομυθίαις,
455 2355 653 2387 καταποντίσας
667 2358 724 2388 τοῖς
740 2357 919 2392 γλαφυρωτά-

128 2407 186 2429 τοις
202 2399 252 2434 τῆς
263 2399 344 2425 αὑτοῦ
360 2400 498 2434 πανσόιρου
511 2400 585 2432 θείας
599 2401 724 2435 γνώσεως
742 2403 788 2429 καὶ
803 2402 919 2437 εὐγλωτ-

129 2443 190 2475 τίας
206 2443 306 2478 βυθοῐς·
324 2444 369 2470 τὸν
386 2445 511 2472 ἐκλεκτὸν
530 2447 557 2473 δὲ
573 2447 620 2474 τοῦ
643 2448 761 2483 Χριστοῦ
778 2448 841 2475 λαὸν
864 2449 919 2475 ἀπὸ

127 2490 180 2525 τῆς
201 2489 247 2516 τοῦ
265 2490 363 2526 Βελίαρ
389 2492 553 2527 τυραννίδος,
574 2494 620 2520 καὶ
648 2494 699 2528 τῆς
726 2495 921 2530 δεισιδαίμονος

128 2537 280 2572 θρησκείας
295 2537 474 2573 φυγαδευτὴν,
487 2538 535 2574 τὴν
548 2539 601 2566 τῶν
618 2542 840 2577 ἐπανισταμένων
856 2551 921 2569 παν-

127 2581 253 2609 τοδαπῶν
278 2581 413 2618 πολεμίων
444 2583 655 2620 ἁγριαινομένην
680 2585 812 2612 θάλατταν
836 2595 920 2613 κατα-

129 2628 278 2660 πατοῦντα,
294 2631 326 2665 τῇ
343 2631 503 2664 φωτοειδοῡς
522 2631 617 2657 στύλου
637 2631 715 2666 δίκην
729 2633 757 2658 ἐν
773 2633 846 2668 αὐτῷ
862 2633 921 2661 δια-

129 2674 276 2711 λαμπούσῃ
308 2675 540 2711 καθοδηγοὺμενον
565 2676 673 2712 χάριτι,
693 2678 739 2704 καὶ
764 2677 862 2714 νεφέλῃ
887 2680 920 2714 τῇ

128 2719 178 2746 τοῦ
202 2721 333 2755 παναγίου
355 2722 511 2756 Πνεύματος
538 2722 627 2758 σκέπῃ
646 2723 856 2758 φρουρούμενον,
876 2724 922 2750 ἐπὶ

129 2766 176 2793 τὸν
195 2767 351 2802 ακύμαντον
373 2768 508 2799 διασώσας
524 2769 608 2804 ὅρμον
630 2770 678 2804 τῆς
708 2770 858 2805 ἀμωμήτου
875 2770 921 2797 πίσ

131 2820 234 2844 στεως,
253 2813 298 2840 καὶ
317 2813 371 2840 τῶν
392 2815 541 2850 χαμερπῶν
558 2816 731 2842 παντάπασιν
752 2815 922 2850 ὑπεραναϐες

131 2858 234 2893 ὅηκὼς,
245 2861 291 2887 καὶ
307 2861 356 2895 τῆς
367 2861 414 2887 τοῦ
429 2861 508 2897 ὅρους
523 2862 575 2888 τῶν
590 2861 694 2898 ἀρετῶν
706 2862 923 2898 κορυφαιοτάτης

133 2905 274 2940 περιωπῆς
299 2907 362 2939 τοὺς
387 2907 644 2942 εὐαγγελιζομένους
667 2909 777 2946 εἰρήνην
803 2908 921 2944 ὡραίους

966 971 1037 999 beati
1051 971 1128 999 Pauli
1141 969 1302 998 clarissimis
1324 970 1558 998 oculis-ostensus
1573 972 1657 1001 esset,
1673 972 1701 996 et
1715 969 1756 996 di-

965 1017 1022 1044 vini
1044 1016 1191 1044 sacerdotii
1208 1016 1294 1052 gradu
1309 1015 1408 1051 dignus
1422 1016 1573 1050 judicatus,
1588 1014 1756 1052 Athenarum

965 1064 1111 1099 episcopus
1137 1063 1171 1090 ab
1194 1063 1255 1097 ipso
1280 1062 1385 1096 primus
1409 1062 1529 1097 eligitur,
1547 1066 1573 1090 et
1590 1070 1647 1090 suae
1671 1062 1759 1096 ipsius

966 1112 1043 1144 pater
1071 1109 1166 1144 patria),
1188 1108 1354 1140 declaratur,
1377 1110 1405 1134 ct
1431 1107 1559 1142 primitiae
1586 1106 1757 1142 negotiorum

967 1155 1140 1182 rationalium
1169 1154 1198 1181 in
1226 1161 1324 1181 manus
1348 1152 1505 1185 traduntur,
1533 1156 1614 1188 atque
1640 1152 1758 1187 populus

967 1201 1050 1229 isthic
1065 1201 1143 1229 ﬁdem
1160 1201 1302 1235 amplexus
1317 1198 1669 1235 ipsicreditur.0portebat
1683 1198 1758 1225 enim

967 1251 996 1274 ut
1012 1248 1119 1279 civitas,
1135 1255 1196 1282 qua:
1221 1248 1294 1274 hunc
1312 1247 1446 1279 ediderat,
1463 1247 1580 1278 aluerat,
1592 1249 1620 1273 et
1633 1245 1759 1273 erudive-

966 1296 1020 1325 rat,
1036 1300 1050 1319 a
1065 1293 1176 1328 proprio
1191 1293 1314 1328 germine
1327 1297 1353 1320 et
1366 1293 1488 1324 alumno,
1508 1297 1590 1327 atque
1604 1290 1759 1318 eruditione
1787 1311 1790 1313 .

967 1339 1055 1375 prima
1077 1339 1201 1367 omnium
1225 1340 1423 1371 illustraretur,
1440 1339 1528 1374 primo
1542 1346 1637 1366 eorum
1652 1345 1684 1364 ex
1700 1337 1758 1372 ipsa

967 1383 1147 1412 oriundorum
1163 1384 1210 1419 qui
1222 1384 1403 1419 spiritualiter
1415 1383 1526 1412 Christo
1542 1383 1640 1412 salutis
1653 1383 1760 1410 auctori

967 1431 1025 1457 nati
1052 1430 1171 1462 fuerunt,
1188 1431 1291 1466 quique
1304 1430 1445 1460 omnibus.
1460 1430 1506 1464 qui
1531 1429 1585 1456 vita
1609 1433 1635 1457 et
1654 1429 1761 1456 ratione

967 1476 1069 1510 primas
1091 1475 1225 1508 obtinent,
1248 1475 1393 1511 magniﬁce
1410 1479 1519 1510 praeest.
1545 1473 1600 1502 Nec
1620 1481 1701 1501 secus
1727 1481 1760 1501 ac

967 1523 1086 1556 optimus
1113 1521 1185 1549 ﬁlius
1209 1522 1280 1550 viam
1309 1522 1396 1548 instar
1422 1521 1539 1556 pastoris
1551 1523 1758 1550 commonstrat,

968 1568 1102 1603 docetque
1126 1567 1355 1603 quemadmodum
1379 1575 1413 1595 ex
1437 1566 1485 1594 Dei
1509 1566 1671 1601 praescripto
1694 1573 1759 1593 suos

969 1613 1029 1648 ipsa
1054 1622 1166 1649 gressus
1189 1614 1299 1648 dirigat,
1314 1613 1378 1640 dum
1404 1613 1478 1639 illam
1501 1613 1528 1639 in
1553 1613 1612 1639 lo'ca
1639 1619 1758 1647 pascuae,

968 1661 1056 1695 plana:
1071 1668 1168 1695 nempe
1189 1667 1221 1687 ac
1244 1660 1359 1687 sincera:
1373 1659 1514 1691 doctrina),
1529 1658 1656 1689 collocat,
1672 1661 1699 1690 et
1714 1666 1762 1686 su-

967 1713 1016 1743 per
1036 1713 1135 1741 aquam
1150 1705 1318 1738 refectionis,
1335 1705 1465 1732 nimirum
1489 1712 1559 1732 verte
1579 1703 1758 1736 bacreditatis,

968 1752 1076 1780 educat.

1005 1798 1028 1826 0
1052 1798 1190 1833 ingentem
1217 1799 1377 1834 metropolis
1409 1797 1615 1826 Atheniensium
1641 1796 1760 1824 civitatis

969 1845 1139 1877 felicitatem,
1153 1845 1229 1872 nullo
1254 1846 1446 1881 suﬂragiorum
1463 1844 1596 1872 beneﬁcio
1620 1843 1658 1871 illi
1681 1843 1759 1871 dela-

970 1892 1042 1918 tam!
1067 1892 1154 1924 Quam
1181 1899 1243 1920 vere
1259 1892 1335 1925 felix,
1351 1891 1594 1927 multipliciterque
1610 1890 1689 1918 beata
1705 1893 1758 1923 est,

969 1946 1031 1976 qua:
1047 1943 1153 1966 tantum
1170 1939 1270 1967 ducem
1297 1942 1378 1974 atque
1396 1939 1557 1973 magistrum
1574 1937 1615 1973 (ut
1631 1935 1761 1964 Israeliti-

970 1993 1020 2014 cus
1045 1985 1110 2013 olim
1135 1985 1253 2022 populus
1279 1984 1407 2021 Moysen)
1434 1984 1571 2019 talemque
1594 1983 1675 2011 enixa
1699 1986 1758 2014 est,

970 2037 1053 2068 atque
1070 2032 1168 2059 sortita
1185 2033 1338 2067 pastorem!
1358 2031 1460 2059 etenim
1476 2031 1546 2057 alter
1562 2029 1672 2064 quidam
1685 2028 1761 2064 Mor

970 2086 1015 2106 ses
1035 2078 1126 2106 denuo
1148 2078 1226 2106 visus
1251 2081 1304 2109 est,
1321 2077 1367 2112 qui
1396 2075 1557 2111 Egyptum,
1579 2075 1759 2110 caliginosum

969 2123 1031 2150 dico
1057 2123 1085 2150 in
1111 2123 1234 2150 colendis
1252 2121 1409 2149 simulacris
1433 2127 1566 2151 errorem,
1587 2127 1642 2147 non
1665 2119 1759 2148 decem

969 2169 1073 2204 plagis,
1099 2168 1147 2196 sed
1173 2167 1325 2195 innumeris
1350 2165 1483 2193 lzetalibus
1505 2163 1760 2197 ardentissimisquc

970 2221 1055 2241 sacrae
1071 2214 1145 2241 illius
1162 2212 1294 2240 doctrina:
1319 2219 1351 2239 ac
1366 2211 1464 2238 divinae
1480 2209 1633 2244 disciplina:
1654 2207 1760 2243 sagittis

971 2260 1123 2294 transﬁxit,
1139 2264 1166 2287 et
1183 2259 1327 2294 ﬁguratum
1346 2257 1516 2284 Pharaonem
1532 2263 1594 2283 cum
1609 2255 1682 2282 omni
1699 2254 1759 2289 ejus

970 2306 1124 2342 perniciosa
1136 2309 1280 2340 potestate,
1296 2304 1432 2339 nugisque
1448 2302 1584 2330 haereticis
1600 2309 1632 2329 ac
1648 2300 1760 2329 zizauiis

970 2352 1069 2388 plenis,
1094 2359 1155 2386 qua:
1178 2358 1193 2377 ιι
1219 2349 1420 2377 cacodmmonis
1445 2347 1528 2383 370
1554 2346 1640 2381 ipsius
1664 2344 1760 2373 lraudc

969 2398 1107 2429 oriuntur,
1124 2397 1309 2424 ornatissimis
1326 2395 1496 2422 admirabilis
1509 2394 1570 2428 ejus
1584 2401 1616 2421 ac
1629 2392 1703 2420 omni
1716 2392 1757 2419 die

970 2445 1041 2471 vina:
1055 2443 1219 2479 cognitionis
1236 2447 1263 2470 ct
1277 2441 1442 2477 eloquentiae
1463 2439 1698 2475 profunditatibus
1712 2438 1761 2466 de-

971 2490 1076 2518 mersit.
1095 2489 1182 2524 l’orro
1207 2489 1325 2516 electum
1353 2487 1455 2514 Christi
1481 2485 1613 2520 populum
1635 2491 1651 2511 a
1677 2483 1759 2511 Belial

971 2536 1125 2572 tyrannide,
1139 2539 1167 2562 ct
1183 2542 1198 2561 a
1215 2534 1404 2569 superstitiosa
1421 2532 1529 2559 cultura
1546 2530 1691 2566 profugum
1708 2529 1760 2556 bo~

971 2583 1060 2610 stibus
1077 2582 1198 2616 undique
1216 2585 1314 2608 contra
1333 2581 1409 2607 illum
1430 2578 1646 2614 insurgentibus,
1663 2576 1761 2604 solitu~

971 2628 1043 2655 diuis
1070 2627 1139 2654 mari
1166 2627 1296 2660 traiecto,
1315 2631 1342 2654 et
1367 2626 1501 2653 charitate
1524 2625 1610 2652 inStar
1626 2622 1761 2650 columna:

972 2676 1043 2712 ignis
1061 2677 1238 2703 illucescente
1250 2674 1374 2705 deduxit,
1386 2678 1412 2701 et
1429 2672 1538 2704 nebula,
1549 2670 1678 2697 nimirum
1696 2676 1761 2696 san.

972 2722 1088 2750 ctissimi
1097 2721 1217 2756 Spiritus
1232 2720 1411 2755 protectione,
1421 2717 1580 2749 custodivit,
1593 2723 1624 2742 ac
1637 2714 1670 2742 ad
1685 2719 1762 2741 trauo

973 2768 1088 2804 quillum
1108 2774 1194 2801 usque
1217 2765 1362 2800 inculpatae
1376 2764 1436 2791 ﬁdei
1452 2767 1561 2797 portum
1574 2759 1749 2787 conservavit

972 2814 1099 2843 llumaaa
1115 2819 1230 2848 prorsus
1256 2811 1347 2839 omnia
1367 2815 1563 2844 supergressus
1588 2807 1616 2833 in
1633 2812 1759 2840 suprema

973 2861 1075 2888 montis
1090 2860 1220 2887 virtutum
1237 2857 1348 2893 specula
1372 2856 1512 2891 spccioms
1534 2860 1629 2889 pacem
1653 2859 1760 2879 anuunv

973 2909 1074 2938 tiantcs
1090 2906 1173 2943 pedes
1190 2906 1258 2938 ﬁxit,
1271 2905 1445 2939 divinamque
1461 2902 1603 2938 caliginem
1619 2901 1759 2938 ingressus
