1950 3065
205 168 259 196 6:55

203 239 267 260 cum
294 230 350 259 Deo
366 229 537 259 familiariter
549 233 591 259 est
606 230 725 262 locutus,
741 236 774 256 ac
789 229 889 257 divinae
905 230 994 257 mani-
1008 233 1030 260 Α

204 275 362 303 festationis
377 278 404 302 et
419 275 598 311 legislationis
616 274 721 302 tabulas
734 274 849 310 accepit.
867 274 992 302 Manibus

205 322 234 350 in
258 323 349 350 crucis
365 322 483 356 speciem
500 321 625 352 sublatis,
642 320 753 347 Amalec
778 319 834 347 Deo
855 321 993 349 infensum

205 369 234 395 in
255 368 421 403 triumphum
446 368 532 395 duxit.
556 366 687 402 Vipereos
704 374 822 399 morsus,
838 374 869 394 ac
885 367 994 395 insidiis

210 411 363 439 dtemonum
384 411 583 446 supplantalos,
599 411 759 445 sagittisque
773 411 877 439 nefarie
897 416 994 446 captos

211 461 300 490 curat,
314 457 396 492 idque
412 465 494 485 carne
510 457 596 490 verbi,
612 457 685 493 quod
709 457 737 484 in
757 457 831 493 ligno
854 458 993 494 pependit,

210 509 380 540 mortemque
393 505 486 538 subiit,
501 508 528 532 et
538 506 677 540 oppositas
688 505 760 533 vires
773 507 896 540 peremit,
909 507 995 542 quod—

211 559 264 586 que
275 551 309 578 ab
323 552 382 586 ipso
392 550 475 585 probe
485 554 642 577 veneratum
656 555 682 578 et
694 550 792 585 spiritu
806 551 992 586 praedicatum,

210 600 237 623 et
261 596 402 623 adoratum
427 595 488 622 fuit.
507 595 541 622 Et
556 600 586 622 ut
603 596 673 623 alter
694 595 777 624 Josue
793 596 939 624 Jordanem
953 606 995 625 se-

210 645 266 673 cat,
286 649 318 668 ac
340 641 506 676 peculiarem
522 641 653 676 populum
673 643 791 677 peditem
807 643 890 671 siccis
912 644 996 671 vesti-

210 688 262 724 giis
287 687 491 720 ambulantem,
518 691 729 724 portantemque
755 690 937 718 venerabilem
964 697 996 717 ac

211 737 414 763 sacrosanctam
429 742 533 767 arcam,
545 742 606 770 quae
616 735 703 763 instar
715 735 788 763 illius
798 737 897 764 veteris
911 735 995 763 Deum

209 779 340 812 continet,
360 778 473 814 trajicit.
500 778 728 808 Detestandorum
765 779 995 808 Jericbuntiorum

210 828 385 859 argumenta,
409 825 456 859 qui
480 825 561 852 alieni
587 826 786 861 intelliguntur,
814 833 847 854 ac
870 827 996 862 praesidia

210 869 426 904 conspirantium
445 870 633 898 haereticorum
652 873 727 899 vario
741 875 823 907 atque
839 873 994 908 multiplici,

210 922 261 950 pro
277 914 386 950 pietate,
404 916 552 943 certamine
566 917 725 951 prosternit,
741 921 768 944 et
779 924 828 951 pro
841 917 994 945 divinarum
1011 908 1032 935 Β

210 961 339 988 tubarum
355 962 456 993 sonitu,
472 962 506 989 iis
520 970 580 997 quae
595 970 629 989 ex
644 962 760 990 adverso
774 971 904 998 percussa
919 971 996 992 ever-

211 1006 294 1034 tenda
309 1010 397 1039 erant,
417 1007 635 1041 prmdieationem
656 1009 743 1036 instar
759 1009 826 1037 solis
841 1009 996 1037 illuminan-

210 1055 266 1080 tem
290 1052 413 1080 obtendit
434 1061 511 1081 suam
525 1053 757 1090 :prudentemque
773 1055 994 1090 gubernationem

210 1105 272 1133 qua:
288 1098 374 1125 lucem
390 1098 508 1131 afferret,
522 1103 548 1126 et
559 1107 620 1135 quae
630 1100 738 1128 ccelitus
749 1101 788 1128 illi
803 1101 993 1135 exhibebatur,

210 1147 307 1177 contra
323 1145 464 1172 incursum
483 1145 609 1181 luporum
623 1148 775 1182 rapacium,
790 1147 842 1175 hoc
856 1152 899 1176 est
912 1147 995 1176 falso-

211 1197 272 1218 rum
286 1189 428 1218 doctorum
444 1199 540 1228 greges
557 1193 672 1221 rationis
686 1193 831 1228 participes
844 1193 994 1229 degluben-

210 1237 279 1264 tium
292 1238 413 1272 opponit.
429 1237 460 1264 Et
473 1238 655 1267 immortalem
668 1239 864 1274 haereditatem,
877 1249 938 1276 quae
953 1246 996 1270 est

211 1282 240 1309 in
256 1282 360 1310 caelesti
377 1282 557 1316 Hierusalem,
575 1284 609 1311 iis
624 1285 672 1319 qui
689 1285 815 1312 servandi
829 1289 893 1313 sunt
908 1285 995 1313 admi-

212 1327 322 1355 nistrat.
347 1327 386 1355 Ac
405 1329 477 1356 sicut
498 1329 543 1356 ille
564 1330 651 1357 solem
666 1334 693 1357 et
709 1330 801 1358 lunam
818 1331 846 1358 in
863 1330 994 1358 auxilium

211 1373 312 1400 servati
324 1372 408 1400 divini
425 1374 518 1409 populi
529 1374 586 1409 jam
607 1375 793 1410 aggredientes
805 1379 920 1404 terrente
932 1384 996 1412 pro-

211 1419 352 1447 missionis
374 1419 468 1448 hostes
491 1421 627 1455 expellere
651 1421 733 1453 sistit,
750 1421 916 1457 festinatque
931 1430 992 1457 pos-

210 1466 361 1494 sessionem
379 1466 431 1495 sibi
447 1467 610 1502 promissam
623 1467 761 1501 dividere;
781 1471 808 1495 et
825 1468 893 1496 alter
909 1468 995 1496 David

210 1511 317 1540 hostem
332 1512 449 1540 inaniter
463 1520 492 1541 se
503 1513 653 1548 iactantem
669 1518 765 1542 contra
782 1514 904 1542 divinum
917 1523 996 1543 exer-
1008 1520 1011 1522 '

211 1558 306 1592 citum,
327 1563 355 1586 et
380 1559 440 1593 ejus
468 1559 666 1594 propugnatori
693 1560 816 1588 convicia
849 1561 994 1589 facientem
1009 1581 1031 1610 ϐ

212 1605 296 1632 funda
304 1613 367 1632 cum
375 1605 566 1640 percussisset,
580 1611 607 1633 et
624 1606 808 1635 facinorosum
825 1607 900 1634 illum
916 1611 997 1636 terra:

211 1653 349 1685 illisisset,
382 1653 586 1682 celeberrimam
621 1653 763 1680 victoriam
799 1661 831 1681 ex
868 1653 995 1681 hostibus

212 1699 378 1734 reportavit,
402 1700 553 1728 innumeris
583 1700 724 1735 plausibus
751 1699 787 1727 ob
818 1704 923 1735 partam
954 1699 995 1726 vi-

212 1746 327 1773 ctoriam
351 1750 480 1781 exceptus
498 1754 530 1773 ac
547 1746 718 1774 decantatus.
746 1746 796 1774 Hic
819 1747 898 1782 371
922 1747 996 1774 enim

212 1800 275 1819 cum
306 1791 414 1819 fortiter
443 1799 473 1820 se
503 1797 626 1827 gereret,
655 1792 725 1825 ﬁde,
752 1799 817 1828 spe,
843 1796 870 1820 et
897 1792 996 1820 ﬁducia

212 1844 277 1873 erga
308 1837 446 1865 Christum
479 1838 609 1870 innixus,
637 1842 774 1874 potentem
803 1838 879 1866 illum
906 1838 997 1874 perdi-

211 1888 299 1910 torem
329 1891 415 1911 saevos
440 1883 512 1912 inter
540 1888 671 1920 tyrannos
692 1884 867 1919 pravalidum
888 1884 993 1912 fortitu-

212 1928 277 1956 dlne
298 1928 387 1963 lapide
410 1929 520 1957 duriore
542 1931 704 1965 prostravit;
722 1938 852 1958 coronam
876 1931 997 1958 victoria:

212 1974 345 2008 referens,
366 1974 480 2003 inﬁnitis
505 1983 590 2010 prope
611 1975 738 2003 laudibus
760 1979 787 2004 et
804 1976 932 2004 cantibus
947 1984 996 2011 pro

211 2021 305 2048 labore
321 2020 431 2049 assidue
447 2021 612 2049 cumulatur.
635 2021 669 2049 Et
692 2023 762 2050 alter
777 2022 903 2051 Ezechiel
927 2023 997 2050 divi-

211 2075 309 2102 narum
326 2074 359 2094 ac
371 2068 548 2103 mysticarum
565 2068 702 2095 visionum
717 2072 854 2103 spectator
869 2072 895 2096 et
911 2065 997 2096 inter-

210 2121 292 2148 pres,
316 2113 462 2141 varietates
493 2114 648 2141 divinarum
674 2114 941 2148 manifestationum,
969 2118 996 2142 et

211 2162 359 2198 ﬁgurarum
375 2162 600 2198 significationem
613 2163 811 2190 continentium
824 2162 993 2195 describens,

211 2213 329 2236 mentem
352 2212 473 2236 nostram
491 2216 539 2244 per
559 2216 591 2236 ea
611 2217 672 2244 qum
697 2217 780 2236 sensu
796 2209 993 2244 percipiuntur,

212 2255 381 2285 tenuissimis
391 2255 490 2283 divinis
506 2255 723 2283 institutionibus
737 2255 769 2283 ad
783 2255 995 2290 speculationem
1012 2254 1033 2281 D

210 2307 306 2328 eorum
328 2308 389 2336 quo:
413 2292 503 2328 animo
528 2304 555 2328 et
578 2301 733 2337 cognitione
758 2305 918 2334 cernuntur,
934 2309 996 2329 eve-

212 2345 263 2373 iiit.
347 2341 350 2344 '

247 2391 281 2417 At
298 2399 362 2418 vero
383 2391 448 2426 quid
464 2399 533 2426 opus
549 2396 591 2419 est
605 2393 678 2420 hunc
694 2401 803 2421 sacrttm
816 2397 843 2420 et
857 2393 996 2420 admiran-

211 2435 276 2462 dum
300 2443 451 2470 praeconem
477 2437 511 2464 iis
533 2438 579 2473 qui
597 2438 685 2465 lucem
703 2439 866 2466 adumbrant
882 2446 995 2474 compa-

211 2481 293 2509 rare?
308 2481 421 2509 Praestat
441 2483 516 2511 hunc
534 2483 623 2518 ipsum
640 2483 682 2511 his
704 2484 840 2518 conferre,
855 2492 924 2519 qttos
947 2485 995 2511 lux

211 2528 272 2562 ipsa
294 2527 419 2555 Christus
437 2536 485 2564 per
502 2536 531 2556 se
545 2529 696 2564 splendere,
712 2538 859 2565 secumque
878 2531 992 2563 versari,

211 2577 238 2601 et
250 2573 444 2601 commercium
461 2574 561 2601 habere
577 2575 704 2609 dignatus
720 2580 772 2603 est.
787 2575 920 2602 Nimirum
937 2584 992 2603 ma-

210 2628 265 2656 gno
280 2620 318 2646 illi
337 2623 364 2646 et
386 2619 507 2646 omnium
522 2628 628 2648 summo
642 2620 723 2648 Petro
736 2622 781 2648 hic
793 2623 994 2657 comparandus

210 2670 263 2697 est,
276 2666 320 2693 cui
336 2669 464 2693 aeternam
493 2673 525 2692 ac
548 2667 740 2701 sempiternam
757 2667 818 2695 Filii
841 2669 995 2703 generatio-

210 2720 284 2742 nem,
301 2719 361 2746 qua
385 2715 441 2738 tota
459 2715 549 2739 mente
570 2720 602 2739 ac
626 2713 731 2741 ratione
752 2714 945 2749 comprehendi
963 2722 995 2742 ac

210 2757 317 2785 deliniri
332 2757 424 2792 nequit
437 2757 582 2792 (siquidcm
603 2757 626 2786 is
640 2766 701 2786 cum
719 2759 799 2788 Patre
813 2761 995 2795 sempiternus

210 2807 263 2835 est,
279 2810 311 2830 ac
328 2803 387 2830 sine
401 2802 558 2838 principio),
573 2803 652 2831 Pater
665 2804 801 2840 ingenitus
816 2810 844 2834 et
861 2806 995 2842 principio

211 2856 307 2876 carens
329 2850 467 2879 revelavit.
487 2849 575 2885 Super
590 2858 670 2886 quem
688 2856 817 2888 tanquam
834 2856 950 2888 petram,
967 2858 995 2882 et

212 2896 406 2924 inconcussum
439 2895 499 2924 ﬁdei
526 2896 750 2933 fundamentum,
776 2899 904 2929 Christus
933 2909 995 2928 vere

789 170 816 199 ς.
834 171 984 200 DIONYSII
1000 172 1046 200 AR
1052 170 1232 200 ΕΟΡΑΟΙΤίΕ

1045 230 1127 261 πόδας
1144 229 1302 264 ἐπερείσας,
1321 227 1366 254 καὶ
1390 226 1435 253 τὸν
1452 226 1522 252 θεῖον
1540 223 1699 255 είσδεδυκὼς
1715 223 1824 258 γνόφων,

1042 276 1088 302 καὶ
1103 275 1163 310 Θεῷ
1185 273 1396 310 προσομιλήσας,
1418 272 1463 300 καὶ
1485 271 1535 302 τὰς
1559 270 1609 305 τῆς
1634 270 1826 305 θεοφαντορίας

1043 321 1087 348 καὶ
1111 320 1269 355 νομοθεσίας
1287 319 1393 349 πλάκας
1413 317 1567 352 δεξάμενος,
1589 315 1636 342 καὶ
1656 315 1717 346 ταῖς
1742 323 1826 340 σταυ-

1044 365 1152 402 ροειδῶς
1175 365 1338 400 ὑψουμέναις
1361 364 1499 399 παλάμαις
1514 362 1560 389 τὸν
1576 361 1696 388 ἀντίθεον
1719 369 1826 396 τροπω-

1043 412 1160 447 σάμενος
1189 411 1326 446 Ἀμαλὴκ,
1351 410 1398 437 καὶ
1423 409 1478 435 τῶν
1501 407 1640 444 ὲχιδναίων
1663 406 1824 442 δηγμάτων,

1042 458 1096 484 τῶν
1115 457 1277 494 δαιμονικῶν
1297 457 1382 492 λόχων
1398 456 1444 482 καὶ
1465 454 1638 490 τοξευμάτων
1661 453 1724 484 τοὺς
1745 460 1828 488 πτερ-

1044 504 1184 535 νισθέντας
1196 504 1242 530 καὶ
1256 502 1346 534 κακῶς
1362 502 1473 533 ἁλόντας
1489 501 1633 536 ἐξιώμενος
1646 499 1684 535 τῷ
1700 499 1747 526 τοῦ
1765 508 1828 535 κρε-

1045 549 1193 585 μασθέντος
1218 549 1263 575 ἐπὶ
1289 548 1367 581 ξύλου
1389 548 1435 574 καὶ
1459 546 1641 582 νεκρωθέντος
1666 545 1765 581 σαρκὶ,
1783 545 1828 571 καὶ

1043 596 1092 628 τὰς
1107 595 1230 626 ἐναντίας
1242 593 1426 630 νεκρώσαντος
1437 593 1574 628 δυνάμεις,
1586 591 1675 623 καλῶς
1689 591 1734 617 ὑπ’
1745 590 1828 616 αὑτοῦ

1045 642 1204 677 σεϐομένου,
1224 641 1271 668 καὶ
1294 639 1538 676 προσκυνουμένου,
1556 638 1603 665 κα)⁵
1624 637 1827 673 κηρυττομένου

1044 689 1122 723 λόγου
1147 687 1288 722 πνεύματι.
1315 686 1369 713 Καὶ
1392 685 1494 720 Ἰησοῦς
1509 684 1586 716 ἄλλος
1602 683 1706 719 τέμνων
1731 683 1830 719 Ἰορδά-

1045 743 1103 769 νην,
1124 734 1169 760 καὶ
1193 733 1239 759 τὸν
1265 732 1418 769 περιούσιον
1436 730 1601 768 διαπεραιῶν
1623 729 1686 756 λαὸν
1702 729 1830 764 ἀΰρόχοις

1046 780 1130 815 ἴχνεσι
1146 779 1358 815 πεζοποροῦντα,
1370 779 1416 806 καὶ
1427 779 1476 814 τὴν
1488 778 1517 811 ἐξ
1530 776 1611 804 αὑτοῦ
1626 775 1830 813 βλαστήσουσσν

1045 825 1248 861 πανσεὸἀσμιόν
1265 834 1295 852 τε
1320 826 1367 853 καὶ
1388 825 1514 861 πανίερον
1531 824 1643 860 αἴροντα
1666 825 1830 860 θεοδέγμονα

1045 871 1141 907 νοερὰν
1154 871 1278 904 κιϐωτὸν,
1294 872 1340 899 καὶ
1353 871 1387 898 τὰ
1403 871 1456 897 τῶν
1476 870 1683 906 Ἰεριχουντείων
1697 870 1751 897 τῶν
1766 871 1831 896 δυσ-

1046 918 1170 953 ωνύμων,
1196 917 1298 953 νοητῶν
1323 917 1491 951 ἀλλοφύλων,
1510 917 1556 943 καὶ
1581 917 1631 952 τῆς
1649 916 1704 943 τῶν
1727 917 1832 952 αἱρετι-

1046 963 1145 996 ζόντων
1162 963 1315 1000 συμμορίας
1331 963 1491 999 ὀχυρώματα
1502 962 1675 990 καταὸἀλλων
1687 964 1743 994 τοῖς
1759 963 1831 998 ὑπὲρ

1044 1011 1094 1046 τῆς
1118 1010 1256 1042 εὐσεϐείας
1276 1009 1453 1042 πολυκύκλοις
1470 1009 1515 1037 καὶ
1532 1009 1712 1044 πολυτρόποις
1728 1007 1829 1040 ἄθλοις,

1045 1056 1091 1083 καὶ
1113 1058 1172 1088 ταῖς
1190 1057 1422 1093 ἱεροφαντορικαῖς
1442 1055 1567 1089 σάλπιγξι
1585 1054 1832 1089 κατακτυποὺμενά

1044 1111 1075 1129 τε
1090 1103 1137 1129 καὶ
1153 1103 1405 1138 καταστρεφόμενα,
1424 1102 1470 1128 τὸν
1490 1101 1605 1137 ἡλιοειδῆ
1627 1109 1658 1127 τε
1680 1100 1725 1127 καὶ
1746 1109 1832 1134 φωτι-

1045 1148 1136 1175 στικὸν
1151 1148 1240 1183 λόγον,
1265 1149 1310 1175 καὶ
1325 1148 1374 1183 τὴν
1397 1147 1614 1184 σελασφοροῦσαν
1632 1147 1715 1182 σοφὴν
1732 1146 1833 1181 κυϐερ-

1045 1203 1122 1230 νησιν
1137 1193 1282 1230 οὐρανόθεν
1298 1194 1371 1229 αὐτῷ
1392 1193 1596 1230 χορηγουμὲνην
1619 1193 1830 1228 προῑσχόμενος,

1045 1241 1085 1272 είς
1099 1240 1148 1276 τὴν
1171 1240 1225 1267 τῶν
1246 1241 1377 1276 ἁρπάγων
1392 1239 1497 1273 λύκων,
1519 1240 1574 1266 τῶν
1588 1238 1638 1270 τὰς
1653 1238 1763 1272 λογικὰς
1785 1238 1833 1264 λυ-

1048 1287 1216 1322 μαινομένων
1237 1287 1336 1321 ἀγέλας
1360 1285 1593 1313 κακοδιδασκάλων
1617 1285 1754 1319 ἐξέλασιν,
1784 1284 1833 1310 καὶ

1045 1334 1101 1364 τοῖς
1124 1333 1285 1368 σωζομένοις
1304 1333 1354 1369 τὴν
1377 1332 1579 1364 διαιωνίζονσαν
1599 1330 1781 1367 κληρονομίαν
1801 1331 1833 1356 ἐν

1051 1378 1228 1414 Ἰερουσαλὴμ
1261 1380 1294 1414 τῇ
1327 1378 1479 1414 ἐπουρανίῳ
1510 1377 1764 1413 πρυτανευόμενος,
1792 1376 1833 1407 ὠς

1046 1426 1148 1457 ἐκεῖνος
1167 1424 1242 1460 ἥλιόν
1257 1433 1288 1451 τε
1311 1425 1357 1451 καὶ
1382 1424 1497 1460 σελήνην
1514 1424 1594 1450 ἱστῶν
1611 1425 1650 1455 είς
1671 1423 1834 1458 ἐπικουρίαν

1045 1469 1094 1497 τοῦ
1108 1470 1305 1506 περισωθέντος
1321 1470 1393 1497 θείου
1414 1469 1489 1502 λαοῦ,
1502 1470 1552 1505 τῆς
1569 1470 1620 1505 γῆς
1638 1470 1688 1504 τῆς
1710 1471 1835 1504 ἐπαγγε-

1046 1515 1106 1547 λίας
1121 1515 1244 1548 ἐξελάσαι
1259 1516 1322 1547 τοὺς
1339 1515 1495 1550 πολεμίους,
1506 1514 1733 1550 ἐπεισερχομένην
1756 1513 1837 1549 αὺτῷ

1048 1561 1170 1588 σπεύδων
1186 1560 1392 1596 κληροδοτήσειν
1406 1560 1579 1595 κατάσχεσιν·
1596 1559 1643 1586 καὶ
1657 1558 1738 1585 Διιυὶδ
1753 1558 1837 1590 ἄλλος

1047 1607 1092 1635 τὸν
1116 1607 1186 1634 κατὰ
1206 1608 1256 1642 τῆς
1281 1607 1355 1639 θείας
1374 1606 1563 1643 παρατάξεως,
1578 1605 1836 1641 μεγαλαυχήσαντα,

1047 1654 1093 1681 καὶ
1113 1654 1159 1681 τὸν
1181 1653 1265 1688 αὐτῆς
1287 1653 1490 1689 ὑπερασπιστὴν
1504 1652 1668 1679 ὀνειδίσαντα
1690 1651 1838 1686 σφενδονή-

1048 1708 1113 1732 σας,
1133 1700 1180 1727 καὶ
1204 1699 1269 1734 λίθῳ
1293 1699 1416 1732 πατάξας
1440 1699 1487 1725 τὸν
1507 1699 1653 1734 ἀλάστορα,
1679 1697 1726 1724 καὶ
1757 1698 1838 1728 νῖκος

1046 1744 1294 1781 παναοιδιμώτατον
1303 1745 1373 1772 κατὰ
1382 1744 1437 1773 τῶν
1448 1744 1614 1771 ὑπεναντίων
1626 1745 1775 1779 ἀράμενος,
1785 1743 1837 1770 καὶ

1049 1793 1177 1828 μυριάσιν
1194 1792 1334 1818 ἐπινικίων
1342 1791 1446 1826 κρότων
1455 1791 1593 1826 ᾁδόμενος·
1610 1790 1657 1817 καὶ
1672 1790 1727 1826 γὰρ
1742 1787 1837 1822 οὗτος,

1046 1837 1176 1869 νεανικῶς
1186 1837 1378 1874 ἀνδρισάμενος
1387 1837 1481 1871 ,πίστει
1494 1836 1540 1864 καὶ
1550 1837 1637 1864 ἐλπίδι
1647 1836 1693 1863 καὶ
1703 1836 1836 1871 πεποιθή-

1047 1893 1088 1911 σει
1100 1886 1134 1920 τῇ
1149 1885 1188 1916 είς
1202 1883 1318 1920 Χριστὸν
1334 1882 1573 1918 νευρούμενος,τὸν
1589 1884 1618 1909 ἐν
1631 1884 1688 1914 τοῖς
1703 1882 1840 1914 διώχταις

1047 1930 1206 1967 ἐνεργοῦντα
1217 1930 1357 1966 τυράννοις
1371 1929 1455 1956 δεινὸν
1466 1929 1584 1964 ὀλετῆρα
1597 1930 1630 1964 τῇ
1642 1930 1746 1964 πέτρας
1760 1930 1846 1964 στερ-

1047 1978 1145 2013 ῥοτέρᾳ
1161 1977 1328 2012 γενναιότητι
1352 1975 1549 2012 καταϐέϐληκε’
1566 1976 1613 2002 καὶ
1639 1975 1737 2010 στέφος
1755 1975 1842 2011 νίκης

1047 2023 1276 2057 ἀπενεγκάμενος,
1295 2021 1486 2057 μυριοπλόκοις
1510 2021 1603 2056 ὕμνοις
1620 2021 1666 2047 καὶ
1683 2021 1842 2055 ἐγκωμίοις

1046 2067 1177 2104 διηνεκῶς
1201 2067 1437 2103 καταγεραίρεται.
1463 2067 1517 2094 Καὶ
1539 2066 1618 2098 ἄλλος
1634 2065 1767 2101 Ἱεζεκιὴλ
1791 2075 1848 2101 μυ-

1047 2115 1220 2142 στικωτάτων
1234 2114 1312 2140 θείων
1324 2113 1467 2150 θεαμάτων
1481 2114 1603 2148 ἐπόπτης
1615 2113 1662 2139 καὶ
1676 2113 1842 2148 ὑφηγητὴς,

1047 2161 1182 2193 ποικιλίας
1198 2160 1360 2195 θεοφανειῶν
1377 2160 1423 2187 καὶ
1448 2159 1617 2195 συμϐολικῶν
1643 2159 1844 2195 μορφωμὲτων

1047 2208 1218 2244 διαγράφων,
1233 2207 1278 2234 καὶ
1292 2207 1336 2233 διὰ
1352 2206 1407 2234 τῶν
1423 2206 1558 2242 αἰσθητῶν
1582 2206 1694 2232 εἰκόνων
1717 2205 1765 2231 ἐπὶ
1787 2206 1845 2241 τὴν

1046 2254 1099 2280 τῶν
1116 2253 1205 2280 ἀΰλων
1220 2253 1266 2280 καὶ¹
1284 2253 1385 2289 νοερῶν
1399 2252 1515 2289 θεωρίαν
1526 2253 1575 2287 τὴν
1591 2252 1730 2287 ἡμετέραν
1749 2253 1846 2287 ἰσχνο-

1046 2300 1140 2331 τάταις
1157 2298 1371 2336 ίεροφαντορίαις
1387 2299 1495 2333 ἀνάγων
1510 2298 1636 2325 διάνοιαν.

1088 2391 1165 2418 Ἀλλὰ
1176 2391 1203 2418 τί
1220 2400 1264 2426 μοι
1278 2390 1319 2417 δεῖ
1332 2389 1377 2417 τὸν
1389 2388 1508 2416 τοιοῦτον
1528 2387 1691 2422 ἀξιάγαστον
1706 2388 1844 2423 ἱεροφάν-

1044 2447 1111 2474 τορα
1133 2439 1189 2469 τοῖς
1208 2437 1238 2464 τὸ
1264 2436 1321 2472 φῶς
1347 2434 1560 2472 σκιαγραφοῠσιν
1585 2434 1750 2466 (iustitiam;
1778 2435 1846 2461 δέον

1045 2485 1124 2511 αὑτὸν
1149 2483 1247 2519 μᾶλλον
1270 2481 1452 2518 παραϐάλλειν
1466 2483 1522 2513 τοῖς
1539 2480 1613 2515 αὐτῷ
1626 2480 1666 2515 τῷ
1687 2480 1758 2514 φωτὶ
1770 2489 1847 2507 χατ-

1044 2531 1203 2566 ηξιωμένοις
1227 2529 1385 2564 αὑτοφανῶς
1400 2527 1602 2555 συνδιαιτᾶσθαί
1622 2536 1652 2553 τε
1667 2526 1714 2553 καὶ
1729 2536 1847 2563 συνομι-

1044 2577 1109 2604 λεῖν.
1127 2576 1237 2612 Ἐκείνῳ
1248 2575 1280 2612 δὴ
1292 2575 1331 2610 τῷ
1345 2575 1454 2610 μεγάλῳ
1468 2575 1514 2602 καὶ
1525 2574 1732 2610 κορυφαιοτάτῳ
1740 2574 1848 2610 Πέτρῳ

1045 2623 1241 2659 παρεικαστέον
1257 2621 1348 2653 αὑτὸν,
1401 2622 1451 2657 τὴν
1469 2620 1631 2657 προαιιόνιόν
1646 2629 1676 2646 τε
1693 2621 1741 2647 καὶ
1752 2622 1847 2657 ἄχρο-

1045 2678 1099 2701 νον,
1116 2669 1162 2696 καὶ
1176 2669 1214 2704 νῷ
1236 2668 1317 2695 παντὶ
1334 2668 1380 2695 καὶ
1396 2667 1468 2702 λόγῳ
1485 2666 1626 2698 παντελῶς
1642 2667 1846 2702 ἀκατάληπτόν

1043 2725 1074 2743 τε
1091 2716 1138 2743 καὶ
1154 2716 1345 2751 ἁπεριόριστον
1364 2715 1411 2740 τοῦ
1438 2715 1605 2749 συνανάρχου
1628 2713 1673 2740 καὶ
1699 2714 1846 2740 ωναῖδίω

1045 2762 1110 2789 Υἱοῧ
1126 2762 1250 2797 γέννησιν
1274 2762 1288 2788 ό
1309 2761 1425 2795 ἄναρχός
1445 2768 1475 2786 τε
1501 2760 1546 2786 καὶ
1569 2759 1716 2794 ἀγέννητος
1743 2760 1849 2795 Πατὴρ

1044 2808 1228 2843 ἀπεκάλυψεν·
1240 2807 1282 2841 ἐφ’
1292 2804 1324 2841 ᾧ,
1339 2807 1436 2842 πέτρᾳ,
1449 2805 1565 2841 θεμελίῳ
1576 2805 1626 2840 τῆς
1638 2805 1760 2837 πίστεως
1772 2807 1848 2833 ἀσα-

1044 2853 1131 2889 λεὺτῳ
1150 2854 1360 2890 χρηματίσαντι,
1392 2852 1520 2888 Χριστὸς,
1541 2853 1558 2887 ὴ
1573 2851 1657 2883 όντως
1679 2852 1770 2887 πέτρα
1793 2852 1848 2887 τῆς

1046 2900 1129 2935 ζωῆς,
1145 2900 1191 2927 καὶ
1211 2899 1265 2927 τῶν
1289 2899 1374 2926 όντων
1399 2898 1526 2934 ποιητική
1551 2906 1581 2924 τε
1605 2906 1651 2924 και
1679 2898 1847 2933 inventuri},
