1950 3065
125 173 172 202 837

582 170 676 205 VITA,
696 169 860 198 AUCTORE
877 169 1052 199 MICHAELE
1069 171 1227 200 SYNGELO

1688 172 1740 201 658

123 233 170 268 τὴν
180 231 282 259 οἰκείαν
297 231 460 268 Ἐκκλησίαν
475 231 611 267 ἐδείματο,
627 232 657 258 ὅν
670 239 701 258 τε
713 231 764 266 τῆς
780 232 809 258 ὲν
824 232 904 266 οὐρα-

962 231 1018 260 ιίιεε
1037 236 1124 267 petra,
1141 233 1187 267 qui
1207 233 1299 260 omnia
1326 232 1416 261 facere
1440 236 1467 260 et
1484 233 1625 261 continere
1650 236 1740 268 potest

123 279 175 310 νοτς
191 278 331 310 κατοικίας
346 277 393 305 καὶ
410 277 574 313 κληρουχίας
591 277 744 313 κλειδοῦχον
770 278 817 304 καὶ
842 277 906 313 κλη-

123 324 230 360 ροδότην
244 324 392 359 ἀπέφηνεν,
405 323 529 356 ἐξουσίαν
545 323 620 359 αὐτῷ
635 323 710 351 θείαν
725 323 799 350 λύειν
814 332 845 350 τε
859 324 905 351 καὶ

121 370 228 405 δεσμεῖν
247 369 455 406 ἁμαρτημάτων
472 370 566 406 σειρὰς
578 370 794 406 παρασχόμενος.
812 370 867 397 Καὶ
877 369 906 402 ὃς

121 417 167 452 τὴν
183 416 306 451 βασιλίδα
332 416 439 452 Ῥώμην
455 417 515 448 ταῖς
530 416 599 452 πρὸς
614 415 733 452 Χριστοῦ
755 415 906 448 πανολ6ίως

120 459 391 497 ἀποδρυούσαιςῌαὶ]
406 461 638 498 θαυματουργίαις
656 461 842 498 κατήστραψε,
860 462 906 488 καὶ

119 508 165 544 τὴν
186 507 295 542 δυτικὴν
310 508 489 544 άμαυρότητα
505 507 682 544 μετεποίησεν
698 509 737 540 είς
752 507 907 542 διαυγεστά-

119 560 167 589 την
184 553 373 589 λαμπρότητα·
386 553 402 589 ἢ
414 553 453 589 τῷ
465 554 513 589 τῆς
527 554 640 590 βροντῆς
652 553 712 589 υίῴ,
730 553 769 589 τῷ
783 554 818 581 τὰ
834 554 905 586 θεῖα,

120 598 163 625 καὶ
185 599 322 635 ὑπερφυῆ,
348 599 394 626 καὶ
415 600 515 631 πάσαις
536 599 718 636 ἀνθρωπείαις
740 601 835 633 ἀκοαῖς
860 602 907 628 καὶ

120 645 214 681 φρεσὶν
229 644 327 678 ἇὸατα,
343 645 389 672 καὶ
406 645 501 678 αὐταῖς
511 646 571 678 ταῖς
588 644 787 682 ὑπερκοσμίοις
803 647 907 679 οὐσίαις

119 692 236 728 ἀκίχητα
254 692 293 728 τῷ
313 693 408 728 κόσμῳ
429 692 692 728 καταϐροντὴσαντι,
710 693 758 720 ἆτε
779 695 837 726 τοῖς
856 694 907 729 τῆς

120 738 255 773 ἀληθινῆς,
272 739 318 765 καὶ
339 739 521 765 ὲνυποστάτου
537 738 634 773 σοφίας
647 738 813 766 ὲπικλιθὲντι
831 740 908 775 στέρ-

120 793 183 817 νοις,
200 784 254 811 κάκ
272 783 327 811 τῶν
353 784 505 811 πανολῦίων
525 784 572 811 καὶ
590 784 695 811 ἀενάων
720 785 771 820 τῆς
794 794 907 821 κρυφιο-

121 830 221 866 μύστου
238 830 331 865 θεῖκῆς
353 830 437 866 αὐτῆς
458 829 584 865 γνώσεως
607 830 751 867 θησαυρῶν
768 831 908 867 ἀπαντλή-

120 884 196 903 ααντι
218 875 384 902 διειδέστατα
407 875 544 910 θεολογίας
566 875 683 912 νάματα·
709 877 726 913 ἢ
747 877 845 913 Παύλῳ
868 878 907 914 τῷ

119 922 208 957 οἰκείῳ
229 921 389 958 φωταγωγῷ
414 922 460 949 καὶ
488 922 657 958 ίεροτελεστῇ
682 911 847 960 οἰκειότερον
873 911 906 952 ἂν
923 911 943 939 Β

119 968 160 1004 είη
173 968 372 1004 παρομοιῶσαι,
383 968 422 1004 τῷ
434 968 488 995 τῶν
496 968 627 1004 οὐρανίων
639 969 739 1004 ἀψίδων
748 970 906 1006 ὑπερϐάντι,

119 1015 165 1041 καὶ
189 1014 224 1041 τὰ
250 1013 356 1050 βροτοῖς
379 1014 481 1041 ἀθέατα
507 1015 734 1047 κατοπτεύσαντι,
759 1017 805 1043 καὶ
828 1016 846 1044 ά
871 1017 908 1053 μὴ

119 1059 221 1092 ἔξεστιν
231 1060 340 1087 ἀκούειν
354 1060 534 1092 ὲνωτισθέντι,
543 1061 589 1087 καὶ
606 1061 846 1097 μυσταγωγηθέντι
862 1072 909 1098 μυ-

119 1105 274 1133 στικώτατα
290 1107 412 1142 ῥήματα,
430 1106 476 1133 καὶ
490 1106 537 1133 τοῦ
554 1107 717 1143 παραδείσου
731 1107 781 1143 τῆς
793 1108 908 1144 ἀρχαίας

119 1151 196 1188 ἡμῶν
209 1152 338 1188 πατρίδος
352 1151 572 1185 ὲπιϐατεύσαντι,
586 1153 632 1179 καὶ
646 1152 696 1188 τὴν
716 1155 805 1180 ὲκεῖσε
821 1162 909 1189 μακα-

119 1199 229 1234 ριότητα
245 1198 295 1234 τὴν
311 1198 449 1234 διαγωγὴν
473 1199 655 1235 ίστορήσαντι·
671 1197 705 1235 ἦς
718 1200 793 1236 παρὰ
810 1200 859 1236 τὴν
874 1201 910 1227 ol-

119 1245 194 1272 κείαν
206 1244 380 1281 προπέτειαν,
393 1245 440 1272 καὶ
455 1245 505 1281 τῆς
522 1245 683 1281 δεσποτικῆς
695 1246 805 1282 ἐντολῆς
821 1247 909 1281 παρά-

119 1290 195 1317 εασιν
208 1291 316 1318 ἄποικοι
332 1291 475 1326 γεγόνασιν
491 1291 515 1318 οἱ
534 1291 717 1327 προπάτορες·
732 1292 762 1324 ὃς
776 1292 823 1320 καὶ
837 1301 908 1328 πτη-

120 1336 163 1363 νοῦ
178 1336 256 1373 δίκην
273 1337 382 1364 ἃπασαν
403 1337 454 1373 τὴν
471 1336 633 1373 οἰκουμένην
649 1337 798 1373 διελήλυθε,
814 1338 861 1366 καὶ
878 1339 908 1372 ἐξ

118 1382 245 1415 ἀπιστίας
257 1383 297 1415 είς
308 1382 398 1410 πίστιν
410 1382 459 1419 τὴν
472 1383 583 1419 ἑθνικὴν
594 1384 745 1420 αὐστηρίαν
755 1384 907 1420 ἐζώγρησε.

117 1427 225 1456 Τούτων
241 1428 295 1465 γὰρ
309 1428 340 1456 τδ
353 1428 401 1456 τοῦ
421 1429 493 1456 θείου
509 1429 589 1466 ζήλου
605 1428 730 1462 διακαὲς,
748 1430 794 1457 καὶ
810 1430 840 1456 τὸ
858 1430 909 1465 τῆς

117 1475 226 1512 ἀγάπης
236 1476 443 1513 είλικρινὲς,καὶ
453 1476 484 1502 τὸ
497 1476 547 1512 τῆς
559 1475 671 1512 γνώμης
682 1476 813 1508 ἐπιεικὲς,
820 1476 866 1503 καὶ
878 1476 909 1503 τὸ

118 1522 181 1558 περὶ
202 1523 266 1555 τοὺς
290 1523 373 1555 πέλας
390 1522 541 1558 συμπαθὲς,
557 1523 603 1550 καὶ
620 1523 652 1550 τδ
674 1523 724 1558 τῆς
748 1531 909 1559 μετριοφρο-

118 1568 202 1603 σύνης
225 1568 345 1601 εὐκλεὲς,
362 1569 408 1596 καὶ
432 1569 463 1595 τὸ
485 1569 535 1605 τῆς
546 1566 671 1603 ἀνδρείας
683 1569 729 1596 καὶ
754 1569 909 1614 παρρησίας
922 1585 944 1615 c

118 1615 266 1650 περιφανὲς
284 1615 482 1651 μιμησάμενος,
496 1616 543 1642 καὶ
564 1615 632 1651 πρὸς
651 1615 682 1642 τὸ
703 1615 755 1651 τῆς
771 1615 909 1648 πολιτείας

119 1659 234 1687 ἑκάστου
255 1661 370 1693 θεοειδὲς
391 1661 440 1696 τὴν
457 1661 553 1688 ἑαυτοῦ
571 1661 664 1698 βιοτὴν
683 1662 748 1698 ὅλην
770 1662 909 1698 μεθαρμο-

118 1707 245 1742 σάμενος,
261 1707 310 1743 τὴν
327 1706 506 1743 άποστολικὴν
518 1707 638 1740 ἐπαξίως
652 1708 728 1744 παρά
742 1708 845 1745 Κυρίου
862 1709 911 1745 χά-

119 1762 163 1789 ριν
180 1754 335 1790 ὲκομίσατο,
346 1754 393 1781 καὶ
405 1753 526 1790 σημείων
538 1754 660 1789 δύναμιν,
673 1754 720 1782 καὶ
737 1755 911 1791 προφητικὴν

118 1800 261 1836 ἐλλαμψιν,
279 1800 325 1828 καὶ
341 1800 479 1836 θεολογίας
495 1801 623 1836 πέλαγος.

155 1889 211 1925 Τὴν
227 1889 282 1925 γὰρ
298 1890 330 1916 ὲκ
339 1889 389 1925 τῆς
409 1888 566 1926 Ἑλληνικῆς
580 1888 654 1925 αὐτῷ
669 1888 912 1926 συναγηγερμένην

119 1935 217 1970 σοφίαν
232 1935 400 1967 παιδεύσεως
417 1935 593 1971 θεραπαινίδα
613 1935 664 1970 τῆς
685 1934 741 1962 ἄνω
761 1934 913 1969 κατατάξα-

120 1990 217 2018 μενος,
243 1981 290 2008 καὶ
314 1981 440 2017 καθάπερ
463 1981 532 2018 σοφὴ
559 1981 686 2017 μέλιττα,
708 1981 743 2008 τὰ
765 1981 814 2017 τῆς
838 1982 913 2009 κάτω

119 2027 341 2063 καλλιστεύματα
360 2029 394 2064 τῇ
420 2027 481 2063 θείᾳ
505 2027 552 2055 καὶ
576 2026 692 2063 οὐρανίῳ
715 2027 912 2064 καλλιερήσας,

119 2075 169 2102 καὶ
185 2074 253 2111 πρὸς
265 2074 316 2110 τῆς
328 2074 551 2110 θεαρχικωτάτης
563 2073 751 2109 φωτοϐλυσίας
760 2073 914 2110 πληρωθεὶς

118 2121 306 2157 ὲμπνεύσεως,
319 2120 450 2157 λελάληκέ
466 2129 496 2147 τε
511 2121 556 2148 καὶ
579 2120 771 2156 τεθεολόγηκε,
788 2120 834 2147 καὶ
850 2129 914 2147 συν·-

116 2167 219 2203 τέταχε
244 2167 280 2194 τά
305 2167 367 2194 νοῦν
392 2167 500 2194 ἅπαντα
524 2166 759 2202 καταπλήττοντα·
789 2165 843 2193 άπὸ
860 2165 914 2202 γὰρ

117 2214 172 2249 τῆς
183 2213 239 2240 τῶν
254 2213 400 2249 ὁρωμένων
415 2213 583 2248 διασκέψεως
599 2213 645 2239 ἐπὶ
660 2212 710 2248 τὴν
721 2210 776 2239 τῶν
790 2211 914 2246 ἀοράτων

118 2259 288 2294 ἀναπόλησιν
305 2258 428 2290 ἀναπτάς
451 2257 490 2294 τῷ
510 2258 642 2294 λογισμῷ,
660 2258 707 2285 καὶ
730 2257 781 2289 τὰς
799 2256 912 2293 τριττάς
930 2257 950 2284 D

118 2306 177 2333 τῶν
197 2306 391 2341 ὑπερκοσμίων
412 2305 612 2342 λαμπροτάτων
635 2305 784 2341 ταγμάτων
804 2304 916 2340 Ἐκκλη-

120 2352 185 2383 σίας
211 2352 417 2387 ὲπιθεωρήσας,
445 2352 492 2379 καὶ
523 2353 586 2384 τοὺς
620 2351 808 2386 καθ’ἑκάστην
839 2351 915 2386 τρεῖς

119 2398 292 2433 ἁγιωτάτους
317 2398 478 2433 άγγελικούς
502 2398 680 2434 διακόσμους,
698 2395 742 2424 οἶά
760 2406 803 2429 τις
829 2397 916 2432 ὑπερ-

120 2445 237 2480 κόσμιος
257 2445 397 2480 τυγχάνων
425 2445 472 2471 καὶ
498 2444 623 2480 οὐράνιος
651 2444 780 2478 ἄγγελος,
798 2443 917 2474 καὶτοῖς

120 2491 280 2528 ἀσωμάτοις
303 2490 441 2528 ὁμοταγὴς
466 2489 597 2517 κάλλιστα
623 2489 853 2525 διαγραψάμενος,
871 2488 917 2515 καὶ¹

119 2539 174 2573 τὴν
188 2540 217 2565 ὲν
228 2538 320 2570 αὐτοῖς
335 2536 461 2570 εὐταξίαν
477 2536 523 2563 καὶ
537 2536 664 2572 οὐρανίαν
676 2535 818 2571 ίεραρχίαν
835 2542 918 2561 κατα-

121 2585 214 2618 λέξας,
228 2584 259 2611 τὸ
272 2584 322 2619 τῆς
336 2583 425 2618 ψυχῆς
443 2582 587 2618 φωτοειδὲς
605 2580 728 2612 εὐλαϐῶς
748 2580 794 2608 ἐπὶ
807 2580 854 2607 τὸν
868 2581 918 2616 τῆς

119 2631 258 2667 ὑπερθέου
281 2630 421 2665 θειότητος
443 2628 530 2656 θῶκον
559 2626 706 2655 ἀνατείνει·
734 2627 780 2654 καὶ
802 2627 860 2659 τοῖς
879 2625 920 2662 τῷ

122 2678 190 2713 θείῳ
212 2677 259 2704 καὶ
280 2676 514 2712 καθαρτικωτάτῳ
537 2673 713 2710 καθαρθεῖσιν
734 2672 851 2709 ἄνθρακι
868 2673 921 2708 χεί-

122 2723 184 2751 λεσι
207 2722 327 2758 θεολογεῖ
349 2723 399 2758 τὴν
416 2723 446 2749 ὲν
462 2721 557 2757 Τριάδι
575 2720 639 2756 μίαν
659 2718 826 2755 ἀδιαίρετον,
844 2719 921 2746 ἄκτι-

124 2778 189 2797 στον
200 2769 331 2805 Θεότητα,
345 2776 409 2804 μιαν
423 2768 581 2804 Κυριότητα
595 2765 650 2793 τῶν
662 2765 731 2792 ὅλων
742 2765 919 2800 δημιουργὸν⁷

124 2816 311 2852 προνοητικὴν
327 2824 357 2842 τε
382 2815 430 2842 καὶ
456 2813 628 2845 συνεκτικὴν,
647 2812 711 2848 μίαν
736 2811 840 2845 οὐσίαν,
858 2811 922 2847 μίαν

125 2862 266 2896 εξουσίαν,
283 2862 329 2889 καὶ
352 2861 490 2898 βασιλείαν
503 2881 510 2894 ,
528 2860 574 2887 καὶ
591 2859 716 2894 δύναμιν,
735 2857 782 2884 καὶ
799 2858 863 2893 μίαν
879 2858 922 2884 θέ-

127 2909 208 2943 λησιν
233 2918 263 2935 τε
290 2909 335 2936 καὶ
359 2908 514 2944 ἐνέργειαν,
537 2906 582 2934 καὶ
606 2906 656 2938 τὰς
679 2905 708 2932 ἐν
730 2904 822 2940 μονάδι
847 2905 922 2941 τρεῖς

956 279 1093 314 propriam
1110 278 1261 307 Ecclesiam
1285 278 1444 314 fabricavit;
1461 286 1597 314 quemque
1620 279 1741 307 cmlestis

955 324 1133 352 habitationis
1146 331 1178 350 ac
1193 324 1359 352 haereditatis
1372 325 1548 360 clavigerum,
1562 328 1590 352 et
1606 324 1740 352 haeredem

955 371 1113 404 declaravit,
1128 379 1161 398 ac
1177 375 1338 406 potestatem
1355 371 1393 401 illi
1411 372 1530 399 divinam
1546 372 1647 407 ligandi
1659 376 1740 406 atque

955 417 1078 444 solvendi
1093 416 1172 444 funes
1195 421 1367 451 peccatorum
1382 417 1507 451 prtebuit.
1522 417 1574 450 Qui
1588 421 1615 445 et
1638 418 1740 453 regiam

956 462 1070 490 Romam
1087 462 1122 490 iis
1143 462 1284 490 miraculis
1308 463 1401 493 editis.
1419 471 1479 498 quae
1495 471 1510 490 a
1526 463 1637 491 Christo
1659 464 1741 491 uber-

955 509 1026 536 rime
1049 509 1130 536 etiam
1154 514 1345 542 manaverunt,
1369 510 1526 541 illustravit,
1548 514 1575 538 et
1597 511 1742 538 occiduam

955 554 1150 582 obscuritatem
1170 554 1198 582 in
1216 555 1387 590 splendorem
1413 555 1595 583 clarissimum
1617 564 1741 584 commu—

955 600 1033 628 tavit.
1063 600 1117 627 Aut
1138 600 1220 628 etiam
1247 600 1449 635 comparandus
1473 601 1576 628 tonitru
1593 601 1671 633 Filio,
1693 602 1740 637 qui

956 648 1048 677 divina
1062 654 1087 677 et
1103 648 1241 681 sublimia,
1259 652 1285 676 et
1302 649 1429 677 omnibus
1445 649 1572 676 humanis
1584 649 1696 677 auribus
1710 657 1742 678 ac

956 695 1096 723 mentibus
1110 695 1264 727 inaccessa,
1276 702 1336 730 quae
1348 702 1397 723 nec
1410 695 1479 731 ipsis
1490 695 1572 722 etiam
1585 695 1742 723 ccelestibus

956 742 1121 770 substantiis
1137 741 1416 777 comprehenduntur,
1438 742 1541 769 mundo
1566 741 1695 774 intonuit,
1715 747 1742 769 ιιι

957 787 1004 823 qui
1031 794 1113 822 super
1132 791 1243 821 pectore
1263 794 1335 814 vera:
1357 790 1384 814 et
1406 787 1582 815 subsistentis
1604 787 1744 822 sapientia).

957 833 1131 864 recubuerat,
1148 837 1175 860 et
1189 840 1223 861 ex
1238 833 1325 860 beatis
1343 840 1504 868 semperque
1520 832 1667 861 ﬂuentibus
1684 841 1743 869 my-

958 879 1034 907 stica:
1050 886 1081 906 ac
1098 878 1196 906 divinas
1213 879 1300 914 ipsius
1316 879 1482 914 cognitionis
1505 879 1641 906 thesauris
1658 878 1745 906 ﬁuen-

958 925 996 953 tia
1008 925 1156 960 purissima
1165 925 1303 952 hauserat.
1320 924 1367 952 Vel
1380 924 1463 951 Paulo
1478 925 1538 960 ejus
1555 925 1743 958 illuminatori,

958 975 985 999 et
1000 971 1196 999 sacriﬁciorum
1221 970 1332 1006 praesidi
1349 971 1558 999 convenientius
1573 974 1646 999 esset
1667 971 1744 998 illum

958 1025 1138 1054 comparare,
1165 1017 1212 1052 qui
1237 1025 1358 1044 convexa
1386 1017 1519 1044 caelorum
1550 1024 1744 1053 supergressus

958 1068 1015 1096 est,
1031 1067 1058 1091 et
1079 1071 1111 1091 ca
1135 1071 1195 1098 quae
1212 1071 1227 1090 a
1243 1063 1405 1091 mortalibus
1426 1069 1566 1098 nunquam
1584 1062 1643 1090 visa
1668 1067 1744 1094 sunt,

959 1110 1089 1145 inspexit,
1110 1113 1136 1137 et
1151 1117 1212 1144 qum
1227 1116 1280 1136 non
1296 1109 1360 1136 licet
1377 1108 1482 1140 audire,
1500 1108 1602 1136 audivit
1617 1107 1746 1135 secretis-

958 1156 1029 1184 sima
1045 1155 1139 1183 verba.
1164 1155 1216 1189 Qui
1239 1155 1267 1181 in
1287 1154 1416 1190 paradiso
1433 1158 1528 1182 nostra
1549 1154 1634 1181 veteri
1657 1153 1746 1188 patria

959 1202 1120 1234 ambulavit,
1134 1205 1162 1229 et
1184 1201 1391 1233 beatitudinem,
1410 1208 1472 1235 qum
1491 1200 1547 1228 illic
1561 1204 1613 1233 est,
1630 1199 1747 1235 vittaque

959 1248 1115 1276 institutum
1133 1247 1293 1282 perscripsit
1305 1255 1311 1274 :
1325 1254 1340 1273 a
1351 1254 1405 1282 qua
1421 1246 1457 1273 ob
1473 1246 1612 1281 propriam
1623 1246 1747 1281 petulan-

959 1294 1036 1326 tiam,
1053 1297 1080 1321 et
1094 1292 1176 1329 372
1192 1292 1321 1328 praecepti
1339 1292 1424 1319 divini
1438 1293 1685 1327 transgressionem
1700 1299 1748 1319 ex-

959 1344 1048 1368 torres
1066 1339 1132 1367 facti
1152 1343 1216 1367 sunt
1232 1339 1312 1375 primi
1330 1342 1457 1374 parentes
1473 1339 1570 1366 nostri.
1589 1338 1641 1371 Qui
1659 1338 1748 1366 instar

959 1387 1018 1415 avis
1048 1387 1207 1415 universum
1239 1386 1333 1414 orbem
1357 1388 1438 1413 teme
1472 1385 1636 1421 peragravit,
1664 1389 1691 1412 et
1714 1392 1747 1412 ex

960 1430 1119 1459 inﬁdelitate
1144 1431 1178 1459 ad
1207 1431 1286 1458 ﬁdem
1314 1435 1437 1466 agrestes
1461 1429 1577 1466 gentiles
1601 1430 1747 1458 convertit.

960 1476 1064 1504 Horum
1089 1476 1163 1504 enim
1191 1475 1317 1504 ardorem
1345 1475 1431 1502 divini
1459 1474 1521 1508 zeli,
1537 1481 1569 1501 ac
1594 1473 1748 1501 dilectionis

961 1523 1145 1555 severitatem,
1159 1522 1244 1550 animi
1265 1520 1515 1553 mansuetudinem,
1529 1521 1557 1547 in
1578 1520 1749 1555 propinquos

961 1569 1239 1600 commiserationem,
1258 1567 1399 1595 modestiae
1422 1567 1617 1598 celebritatem,
1640 1565 1749 1593 fortitu-

960 1615 1033 1643 dinis
1046 1619 1073 1642 et
1090 1614 1224 1642 libertatis
1240 1613 1369 1649 loquendi
1384 1613 1558 1648 splendorem
1576 1611 1708 1643 imitatus,
1723 1615 1750 1639 et

961 1661 994 1689 ad
1008 1660 1130 1688 divinum
1146 1660 1292 1695 cujuslibet
1306 1660 1415 1687 illorum
1427 1659 1489 1686 vita:
1502 1658 1656 1686 institutum
1672 1665 1750 1685 suam

961 1707 1048 1743 ipsius
1079 1706 1209 1742 eﬁingens
1235 1706 1413 1741 apostolicam
1444 1704 1574 1740 gratiam,
1603 1703 1751 1731 miraculo-

961 1760 1078 1788 rumque
1131 1755 1296 1788 potestatem
1326 1750 1517 1787 propheticum
1557 1748 1749 1785 splendorem,

961 1803 989 1827 et
1012 1798 1148 1826 abditiora
1176 1797 1317 1834 theologia:
1345 1796 1474 1833 mysteria
1495 1795 1606 1832 dignea
1635 1794 1752 1822 Domino

962 1843 1065 1872 retulit.

999 1889 1167 1926 Sapientiam
1184 1888 1268 1920 enim,
1280 1895 1342 1924 quae
1356 1888 1390 1915 ab
1407 1888 1455 1915 illo
1467 1894 1502 1915 ex
1513 1886 1671 1914 Graecorum
1687 1892 1753 1913 eru-

963 1936 1067 1964 ditione
1089 1935 1205 1963 collecta
1229 1938 1288 1967 est,
1305 1933 1458 1969 disciplinae
1480 1932 1601 1961 ccelestis
1624 1931 1752 1959 ancillam

963 1982 1117 2015 constituit,
1135 1985 1162 2010 et
1186 1985 1216 2009 ut
1239 1980 1360 2017 prudens
1382 1980 1441 2015 apis
1458 1978 1579 2015 profanae
1599 1977 1753 2013 disciplinae

963 2033 1125 2058 ornamenta
1141 2028 1240 2061 divinae
1255 2032 1282 2056 et
1296 2026 1402 2055 caelesti
1414 2026 1556 2061 theologia:
1569 2023 1751 2056 consecravit,

965 2083 997 2103 ac
1009 2083 1024 2103 ιι
1038 2081 1166 2110 supremo
1182 2073 1282 2101 divinae
1299 2072 1370 2100 lucis
1386 2070 1460 2099 fonte
1480 2069 1583 2106 Spiritu
1600 2069 1696 2104 plenus
1712 2067 1755 2094 lo-

965 2125 1045 2150 cutus
1066 2124 1120 2153 est,
1138 2123 1166 2148 et
1195 2119 1229 2147 de
1261 2119 1345 2147 rebus
1373 2116 1473 2145 divinis
1503 2115 1643 2147 disseruit,
1667 2120 1755 2148 eaque

965 2166 1138 2202 composuit,
1158 2173 1219 2202 quae
1244 2171 1353 2192 omnem
1382 2167 1500 2190 mentem
1531 2161 1560 2188 in
1595 2158 1755 2186 admiratio-

965 2222 1027 2242 nem
1053 2213 1255 2250 pcrtraherent.
1274 2211 1296 2238 A
1322 2207 1543 2238 consideratione
1566 2206 1638 2234 enim
1658 2212 1754 2233 eorum

965 2268 1026 2296 quae
1048 2259 1186 2291 videntur,
1202 2257 1236 2285 ad
1256 2264 1351 2286 eorum
1369 2264 1430 2291 quat
1456 2262 1511 2281 non
1536 2253 1664 2281 videntur
1687 2259 1755 2279 ρους-

966 2305 1169 2341 tetnplationem
1192 2303 1403 2332 ratiocinatione
1430 2308 1540 2329 sursum
1556 2299 1662 2331 volans,
1685 2301 1757 2326 tres-

966 2359 1019 2387 que
1048 2350 1265 2379 clarissimorum
1302 2347 1455 2376 coelestium
1489 2345 1618 2374 ordinum
1651 2347 1755 2375 coetus,

966 2405 999 2424 ac
1027 2400 1083 2424 tres
1114 2395 1305 2423 sanctissimos
1323 2392 1460 2428 angelicos
1484 2393 1632 2426 apparatus
1657 2389 1684 2416 in
1702 2388 1757 2416 sin-

967 2442 1038 2478 gulis
1059 2440 1227 2477 speculatus,
1243 2447 1298 2466 non
1315 2438 1394 2465 aliter
1415 2445 1447 2464 ac
1468 2436 1492 2464 si
1509 2435 1618 2463 divinus
1646 2434 1756 2470 quidam

968 2491 1050 2522 atque
1068 2486 1190 2514 cmlestis
1206 2488 1279 2513 esset
1296 2483 1421 2519 angelus,
1438 2487 1465 2510 et
1477 2482 1506 2508 in
1522 2488 1617 2509 eorum
1634 2480 1681 2516 qui
1696 2487 1759 2508 cor-

968 2541 1034 2568 pore
1059 2536 1165 2564 carent,
1183 2532 1301 2559 classem
1321 2533 1476 2565 cooptatus,
1491 2528 1671 2562 ordinemque
1687 2526 1759 2553 inter

969 2580 1045 2615 ipsos
1065 2583 1092 2607 et
1113 2585 1221 2607 sacram
1243 2575 1434 2613 praefecturam
1448 2575 1563 2603 sortitus
1586 2572 1760 2608 splendorem

971 2626 1054 2654 animi
1071 2626 1106 2653 ad
1123 2625 1216 2654 sedem
1239 2623 1439 2656 cmlestissimte
1455 2620 1609 2649 divinitatis
1631 2617 1760 2653 religiose

970 2673 1081 2706 attollit,
1096 2672 1232 2707 labiisque
1248 2670 1341 2698 divino
1355 2673 1382 2697 et
1396 2668 1545 2704 purissimo
1561 2665 1681 2693 carbone
1694 2670 1760 2698 pur-

971 2720 1052 2755 gatis,
1070 2727 1153 2746 unam
1171 2717 1339 2745 individuam
1356 2715 1384 2743 in
1402 2714 1548 2744 Trinitale,
1565 2715 1593 2739 ct
1609 2711 1760 2737 increatam

971 2766 1152 2796 divinitatem,
1166 2771 1249 2791 unam
1260 2761 1485 2791 dominationem,
1500 2765 1561 2794 qua;
1576 2755 1668 2784 omnia
1684 2762 1761 2782 crea-

971 2812 1021 2843 vit,
1035 2810 1170 2846 prtevidit,
1186 2813 1213 2837 et
1229 2808 1362 2838 continet,
1375 2812 1456 2833 unam
1468 2801 1662 2833 substantiam,
1678 2807 1761 2846 unam

973 2844 1147 2892 potestatem,
1164 2858 1191 2882 et
1206 2860 1330 2888 regnum,
1346 2855 1373 2879 et
1390 2848 1552 2886 potentiam,
1566 2852 1648 2892 unam
1664 2844 1761 2872 volun-

974 2891 1057 2931 tatem
1074 2906 1101 2930 et
1117 2899 1315 2936 operationem,
1328 2901 1355 2925 et
1367 2900 1424 2923 tres
1439 2895 1467 2923 in
1483 2894 1589 2921 unitate
1599 2891 1762 2927 hypostascs
