1935 3094
204 147 256 175 659

798 144 826 173 S.
845 144 994 172 DIONYSII
1011 140 1239 171 AREOPAGITA‘J

1770 139 1816 167 640

203 205 327 241 ejusdem
357 204 528 237 substantiaa,
559 208 720 235 coaetemas,
746 210 778 229 ac
807 209 902 230 omnes
930 202 984 229 sine

1039 200 1196 235 ὁμοουσίους
1211 207 1240 225 τε
1257 198 1302 225 καὶ
1324 197 1470 228 ωναῖόίους
1487 196 1533 222 καὶ
1556 195 1737 232 συνανάρχους
1757 196 1816 223 ὑπο-

204 252 357 288 priucipio,
374 258 490 279 numero
514 250 636 286 quidem,
654 253 681 276 et
699 248 911 283 proprietatibus
935 248 987 275 im-

204 298 382 326 mutabilibus
404 302 431 325 et
455 297 640 325 immobilibus
661 295 774 326 divisas,
797 302 859 320 cum
887 293 988 328 alioqui

203 343 258 370 sint
272 343 387 371 invicem
401 345 459 370 sine
472 342 634 370 confusione
644 341 736 371 unitae,
749 339 915 374 singulaeque
925 347 987 366 cum

203 389 368 424 proprietate
385 397 434 417 sua
450 387 669 418 considerentur,
686 394 740 413 non
759 386 829 416 loco.
847 393 902 412 nou
919 393 987 412 con-

203 435 278 468 ﬁnio,
294 444 382 470 neque
397 435 518 471 qualibet
534 433 791 468 circumscriptione
807 433 989 467 (incorporea:

203 482 274 509 enim
299 485 364 509 sunt
387 489 438 508 nec
464 479 656 508 circumscribi
680 478 806 514 possunt)
830 481 986 513 separatas;

202 532 297 560 apage,
322 525 370 552 sed
393 524 459 552 solis
486 523 666 551 relationibus
692 523 834 550 distinctas
857 522 987 549 divinitus

201 570 349 604 eloquitur,
368 574 503 604 quatenus
521 569 655 604 triplicem
676 568 786 595 illorum
803 567 988 595 enumeratio—

203 623 263 642 ueni
273 615 376 650 absque
387 615 573 648 inquinatione
584 623 617 642 ac
628 614 771 642 collisione
781 614 901 648 cogitare
913 613 986 645 licet,

203 669 258 688 uno
277 661 350 688 cultu
372 665 399 688 et
422 661 582 689 adoratione
606 665 762 688 veneratur.
783 659 873 686 Unum
891 658 985 689 Deum,

202 713 286 732 unum
310 705 454 733 Dominum
479 707 531 734 sibi
557 705 700 733 colendum
724 705 861 740 proponit,
886 705 934 739 qui
959 705 987 730 in

201 751 289 779 tribus
310 752 503 787 hypostasihus
515 752 596 788 373
613 752 743 779 adoratur
759 755 786 778 et
798 751 906 781 colitur,
921 749 986 776 dunt

201 797 235 824 ad
257 806 340 825 unum
359 799 523 834 principium
540 803 567 826 et
586 806 698 826 causam
721 797 806 826 Filius
823 802 849 825 et
867 797 986 832 Spiritus

201 848 313 871 sanctus
330 844 495 872 referuntur.
511 845 542 872 Et
556 849 584 871 ut
600 844 684 872 Filius
700 845 808 879 quidem
819 848 882 871 ante
894 844 986 871 omnia

201 890 300 917 sarcula
316 898 331 917 a
349 891 408 917 solo
430 890 520 923 Patre,
547 891 604 918 sive
621 891 656 918 ab
679 891 752 918 illius
776 890 942 921 substantia,
960 895 987 917 et

201 937 260 963 solo
274 940 301 963 et
319 937 408 966 unice.
427 938 486 964 sine
503 944 628 972 corpore,
642 937 701 964 sine
717 936 823 968 affectu,
845 937 904 963 sine
915 940 985 963 tem-

201 989 267 1016 pore
283 986 363 1009 natus
380 983 425 1009 sit.
445 982 550 1010 Rursus
567 990 632 1009 vero
649 986 677 1009 ut
694 981 813 1016 Spiritus
830 985 941 1009 sanctus
953 981 987 1008 ab

202 1027 262 1062 ipso
277 1028 336 1055 solo
352 1027 432 1055 Patre
449 1027 632 1060 descenderit,
651 1032 677 1055 et
694 1035 742 1062 per
759 1026 857 1054 Filium
873 1034 986 1061 proces-

200 1074 276 1105 serit,
294 1077 321 1101 et
338 1073 494 1101 hominibus
517 1081 546 1101 se
567 1073 729 1105 ostenderit,
745 1072 828 1099 unius
849 1072 988 1107 principa-

200 1123 257 1146 tum
273 1119 401 1151 edocens,
414 1127 468 1146 non
482 1127 562 1154 quem
578 1127 631 1146 una
652 1127 768 1154 persona
785 1117 987 1146 circumscribit

201 1165 332 1200 (statuere
358 1165 431 1193 enim
453 1174 536 1193 unum
561 1173 656 1193 secum
678 1165 815 1192 dissidens
839 1169 881 1192 est
902 1165 986 1190 multa

200 1211 348 1246 statuere),
368 1212 415 1239 sed
432 1220 512 1247 quem
536 1215 639 1238 naturas
656 1219 704 1246 par
726 1211 837 1238 honoris
854 1209 984 1242 conditio,

199 1260 227 1284 et
241 1256 335 1284 eadem
351 1256 459 1284 consilii
481 1256 639 1288 concordia,
658 1260 685 1283 et
703 1256 773 1283 idem
791 1260 893 1287 motus,
909 1259 936 1282 et
952 1255 985 1282 ad

201 1309 285 1329 unum
300 1310 333 1330 ex
351 1303 440 1338 seipso
455 1302 622 1337 conspiratio
639 1302 792 1329 constituit.

236 1347 288 1375 Sed
301 1355 352 1383 ego
366 1348 430 1375 dum
445 1349 534 1384 magni
551 1348 666 1383 hujusce
684 1347 803 1383 theologi
829 1347 986 1375 excelsissi-

200 1401 271 1420 mam
287 1394 450 1428 sapientiam
465 1394 616 1422 humilibus
632 1394 774 1421 tenuitatis
796 1398 898 1420 nostra:
912 1393 987 1420 loeu-

200 1438 321 1466 tionibus
338 1439 487 1467 ostendere
511 1443 646 1475 pertento,
667 1439 766 1466 similis
780 1438 805 1465 ei
820 1438 905 1466 videri
923 1446 987 1472 pos-

199 1485 251 1512 sim
264 1485 310 1519 qui
325 1485 416 1512 cotula
426 1485 488 1512 velit
500 1485 630 1520 abyssum
643 1484 800 1511 exhaurire.
810 1483 905 1512 Exstat
913 1483 985 1510 enim

200 1530 268 1558 liber
282 1531 374 1558 divino
391 1531 534 1566 splendore
549 1532 656 1567 plenus,
674 1532 720 1566 qui
736 1531 827 1558 radios
841 1531 984 1558 verborum
1000 1550 1022 1580 Ο

199 1577 353 1604 cmlestium
367 1577 428 1605 luce
444 1577 527 1604 solari
540 1577 672 1605 clariores
687 1576 796 1608 emittit,
812 1576 912 1610 quibus
928 1580 985 1602 tum

199 1621 260 1650 falsi
272 1623 393 1651 nominis
405 1623 538 1655 seientiae,
555 1631 608 1658 qua
635 1626 750 1650 necatur
770 1622 873 1653 anima,
890 1620 987 1656 caligi-

198 1673 261 1692 nem
279 1666 402 1700 expellit,
418 1670 477 1693 tum
504 1671 580 1694 recta
610 1670 637 1694 ct
667 1666 758 1694 divina
776 1666 903 1702 dogmata
926 1670 986 1693 tuto

198 1712 355 1740 manifestat
366 1716 393 1740 et
407 1713 543 1748 explanat.
559 1713 617 1740 Non
633 1713 721 1740 solum
733 1713 805 1740 enim
820 1716 986 1748 nugamenta

197 1761 225 1785 et
239 1757 392 1792 prodigiosa
405 1757 558 1788 mendacia.
575 1766 636 1793 qua:
651 1765 665 1784 a
683 1761 805 1785 semente
817 1756 985 1783 zizaniorum

198 1801 384 1836 apostolorum
421 1803 590 1837 temporibus
620 1805 764 1837 supersata
790 1804 865 1832 sunt,
887 1800 985 1828 hmresi

197 1847 277 1881 plena
293 1847 424 1874 radicitus
439 1848 550 1880 avulsit,
561 1855 656 1875 verum
665 1848 746 1875 etiam
755 1847 852 1882 impias
863 1846 986 1881 blaspheo

197 1891 268 1919 mias
282 1896 364 1926 atque
377 1892 474 1919 deliria
487 1892 579 1919 omnia
591 1901 651 1928 quae
676 1894 703 1920 in
729 1897 870 1928 posterum
888 1895 984 1919 contra

198 1941 320 1963 sanctam
333 1938 463 1973 parisque
493 1940 621 1973 potentia:
635 1938 809 1970 Trinitatem,
834 1942 984 1973 contraque

197 1980 316 2010 Verbum
335 1984 381 2011 Dei
409 1985 546 2012 hominem
576 1984 690 2015 factum,
715 1992 812 2019 nempe
844 1983 983 2011 Christum

197 2032 364 2056 servatorem
381 2034 518 2063 nostrum,
534 2034 561 2057 et
576 2038 636 2064 quae
648 2033 744 2056 contra
760 2028 909 2056 Christiani
934 2037 984 2056 no-

196 2073 280 2100 minis
294 2074 501 2109 plenitudinem,
511 2079 538 2102 et
555 2081 650 2102 contra
664 2074 865 2102 dedicationem
879 2078 905 2101 et
918 2073 984 2103 ado—

198 2121 331 2148 rationem
343 2125 499 2149 sanctarum
521 2126 548 2149 et
561 2121 757 2149 venerabilium
780 2121 928 2156 imaginum
955 2121 983 2149 in

197 2167 285 2194 sacris
297 2167 428 2195 Ecclesiis
443 2172 470 2196 et
484 2168 596 2196 sedibus
611 2169 799 2203 apostolorqu
811 2176 859 2205 per
873 2168 984 2195 univer-

1041 247 1167 278 στάσεις,
1190 245 1298 281 ἀριθμῴ
1322 245 1370 279 μὲν
1395 243 1441 270 καὶ
1467 242 1593 277 ἰδιότησιν
1617 242 1816 278 ἀμεταπτώτως

1039 293 1085 318 καὶ
1110 292 1247 327 ἀκινήτοις
1269 289 1470 325 διαιρουμένας,
1491 288 1636 323 ἑνουμένας
1661 288 1689 315 δὲ
1705 288 1814 324 θεότητι,

1039 338 1068 364 οὺ
1094 337 1331 371 συναλειφομένας,
1348 335 1402 362 ἀλλ’
1414 336 1443 361 ὲν
1460 335 1586 370 ἀλλήλαις
1602 335 1760 370 ἁσυγχύτως
1780 336 1817 362 05-

1040 392 1098 415 σας,
1120 383 1238 417 ἑκάστην
1262 381 1330 417 μετὰ
1353 381 1402 416 τῆς
1426 380 1556 416 ἰδιότητος
1579 380 1774 417 θεωρουμένας,
1788 381 1816 407 οὐ

1038 430 1122 464 τόπῳ,
1138 429 1167 455 οὺ
1180 427 1358 463 περιορισμῷ,
1369 427 1558 462 οὺδ⁴όποιᾳουν
1579 428 1733 462 περιγραφῇ
1745 426 1817 460 (ἀσώ-

1040 483 1120 510 ματοι
1137 474 1191 510 γὰρ
1207 475 1253 501 καὶ
1274 473 1495 509 ἁπερίγραπτοι·)
1509 472 1696 508 διισταμένας,
1714 473 1815 507 ἄπαγεί

1038 519 1105 546 ἀλλὰ
1123 520 1216 555 μόναις
1238 521 1298 551 ταῖς
1315 519 1445 550 ἐπινοίαις
1467 517 1697 553 διαστελλομένας,
1715 519 1773 545 ὅσον
1788 527 1817 552 γε

1039 567 1179 592 κατανοεῖν
1198 565 1333 600 ἐνδέχεται
1349 564 1397 599 τὴν
1412 564 1551 600 τριαδικὴν
1567 563 1656 590 αὐτῶν
1677 564 1737 599 δίχα
1757 573 1819 600 φυρ-

1040 611 1090 646 μοῦ
1112 612 1158 638 καὶ
1178 610 1341 645 συναλοιφῆς
1363 610 1560 645 ἀπαρίθμησιν,
1578 610 1626 645 μιᾷ
1649 609 1760 645 λατρεία
1776 611 1818 636 καὶ

1038 658 1220 693 προσκυνήσει
1234 656 1432 692 λατρευομὲνας
1449 656 1495 682 καὶ
1512 657 1758 691 προσκυνουμένας,
1773 656 1818 682 ἕνα

1037 703 1114 735 Θεὸν,
1137 703 1186 729 ἕνα
1212 702 1313 738 Κύριον
1337 702 1424 728 σέϐειν
1453 701 1660 737 ὑποτιθέμενος,
1683 703 1712 728 ὲν
1735 702 1819 737 τρισὶν

1038 750 1200 776 ὑποστάσεσι
1211 749 1407 784 λατρευόμενόν
1420 757 1449 774 τε
1464 748 1510 774 καὶ
1524 747 1766 782 προσκυνούμενον,
1782 748 1819 779 εἰς

1039 794 1102 830 μίαν
1117 795 1202 830 ἀρχὴν
1220 794 1265 820 καὶ
1283 794 1372 820 αἰτίαν
1387 793 1434 820 τοῦ
1452 793 1516 820 Υἱοῦ
1532 793 1578 820 καὶ
1600 792 1647 819 τοῦ
1665 793 1818 828 Πνεύματος

1037 840 1254 876 ἀναφερομένων⁸
1273 839 1319 866 καὶ
1330 839 1376 866 τοῦ
1393 840 1441 875 μὲν
1458 839 1522 866 Tia-3
1535 840 1587 875 πρὸ
1600 840 1707 867 πάντων
1718 840 1818 867 αἰώνων

1003 877 1023 906 Β
1038 887 1070 912 ὲκ
1087 887 1168 921 μόνου
1184 886 1231 912 τοῦ
1251 885 1372 922 Πατρός,
1388 887 1470 921 ἤγουν
1492 887 1524 913 ὲκ
1547 886 1597 921 τῆς
1613 886 1705 918 οὐσίας
1728 887 1817 919 αὑτοῦ,

1037 933 1233 967 γεγεννημένου
1247 932 1291 958 καὶ
1310 932 1402 967 μόνου,
1421 932 1467 958 καὶ
1485 933 1581 967 μόνως,
1598 932 1758 967 ἀσωμάτως,
1775 933 1819 959 καὶ

1037 978 1164 1010 ἀπαθῶς,
1183 978 1229 1004 καὶ
1253 978 1383 1013 ἀχρόνως·
1401 978 1448 1004 τοῦ
1463 978 1485 1004 δ’
1497 977 1529 1005 αὖ
1547 978 1704 1014 Πνεύματος
1719 979 1748 1012 ἐξ
1772 981 1818 1006 αὑ-

1037 1024 1083 1050 τοῦ
1105 1024 1182 1059 μόνου
1202 1024 1249 1050 τοῦ
1270 1024 1376 1060 Πατρὸς
1396 1024 1628 1060 ἐκπορευομένου,
1649 1024 1695 1052 καὶ
1715 1025 1757 1052 διὰ
1772 1025 1818 1052 τοῦ

1038 1069 1101 1096 Υἱοῦ
1119 1070 1268 1106 προῖόντος,
1286 1070 1330 1096 καὶ
1347 1072 1402 1101 τοῖς
1422 1069 1574 1105 ἀνθρώποις
1590 1071 1750 1105 πεφηνότος,
1772 1079 1818 1107 μο-

1037 1116 1149 1151 ναρχίαν
1168 1115 1310 1149 διδάσκων,
1322 1116 1370 1151 οὐχ
1389 1116 1421 1151 ἦν
1438 1115 1467 1141 ἒν
1485 1116 1648 1152 περιγράφει
1666 1117 1818 1152 πρόσωπον·

1038 1161 1106 1196 (ἔστι
1127 1161 1180 1197 γὰρ
1197 1162 1227 1188 τὸ
1251 1162 1279 1188 ἓν
1297 1160 1440 1192 στασιάζον
1459 1161 1526 1197 πρὸς
1547 1162 1626 1188 ἑαυτὸ
1650 1162 1733 1189 πολλὰ
1750 1162 1821 1189 καθί-

1038 1207 1174 1240 στασθαι·)
1198 1207 1297 1242 ἁλλ’-ἣν
1319 1207 1448 1243 ὁμοτιμία
1476 1208 1615 1243 συνίστησι
1642 1207 1758 1242 φύσεως,
1775 1209 1821 1235 καὶ

1038 1253 1171 1288 σύμπνοια
1184 1251 1304 1288 γνώμης,
1317 1253 1362 1279 καὶ
1379 1253 1513 1289 ταυτότης
1531 1254 1674 1289 κινήσεως,
1691 1254 1738 1281 καὶ
1754 1255 1821 1290 πρὸς

1036 1298 1066 1325 τὸ
1083 1298 1112 1324 ἓν
1128 1297 1158 1330 ἐξ
1172 1297 1252 1324 αὑτοῦ
1268 1298 1416 1330 σύννευσις.

1079 1344 1148 1371 Ἀλλ’
1165 1344 1241 1372 ἔοικα
1264 1344 1303 1380 τῷ
1334 1345 1432 1381 κοτύλῃ
1461 1346 1570 1382 μετρεῖν
1597 1344 1750 1381 βουλομένῳ
1772 1345 1822 1381 τὴν

1037 1389 1164 1421 ἄϐυσσον,
1180 1390 1230 1424 τὴν
1246 1389 1292 1415 τοῦ
1307 1389 1424 1424 μεγάλου
1436 1389 1560 1424 θεολόγον
1576 1390 1670 1416 τούτου
1687 1398 1824 1427 πανυπερ-

1036 1432 1120 1468 τὰτην
1146 1432 1284 1467 Θεολογίαν
1313 1435 1370 1465 τοῖς
1395 1433 1444 1468 τῆς
1469 1434 1607 1470 ἡμετέρας
1631 1435 1823 1470 ταπεινότητος

1037 1477 1184 1512 χθαμαλοῖς
1200 1477 1336 1514 λογαρίοις
1355 1478 1480 1516 διαφῆναι
1503 1479 1686 1516 πειρώμενος·
1713 1481 1824 1516 πρόκει-

1037 1532 1081 1549 ται
1098 1523 1152 1559 γὰρ
1169 1524 1186 1559 ἡ
1203 1523 1352 1559 θεοφεγγὴς
1369 1524 1459 1559 βίϐλος
1481 1526 1571 1561 ἐκείνη
1600 1526 1686 1560 σωτὸς
1710 1526 1823 1561 ἡλιαχοῦ

1037 1567 1224 1605 λαμπρότερον
1240 1569 1338 1603 ἀφεῖσα
1354 1570 1439 1604 λόγων
1465 1571 1597 1607 οὐρανίων
1621 1572 1822 1608 ἀμαρύγματα,

1036 1614 1085 1650 τῆς
1102 1615 1150 1650 μὲν
1167 1615 1341 1650 ψευδωνύμου
1365 1616 1490 1649 γνώσεως
1506 1616 1554 1652 τὴν
1570 1617 1738 1653 ψυχοφθόρον
1755 1618 1824 1644 ἀπε-

1036 1661 1165 1688 λαύνοντα
1182 1661 1308 1696 ζόφωσιν,
1327 1662 1413 1697 ὀρθῶν
1437 1662 1465 1688 δὲ
1481 1663 1527 1689 καὶ
1544 1663 1623 1690 θείων
1639 1663 1825 1698 διασεισοῦπὰ

1036 1716 1065 1733 τε
1083 1708 1129 1734 καὶ
1144 1708 1338 1743 διατρανοῦντα
1353 1708 1494 1743 δογμάτων
1511 1709 1677 1744 ἀσφάλειανο
1694 1711 1724 1736 οὐ
1743 1711 1824 1746 μόνον

1036 1753 1090 1790 γὰρ
1107 1753 1156 1785 τὰς
1179 1754 1232 1780 ὑπὸ
1257 1754 1305 1780 τοῦ
1331 1754 1385 1780 τῶν
1412 1753 1538 1786 ζιζανίων
1567 1756 1736 1792 ἐπισπορέως
1752 1757 1824 1784 κατὰ

1035 1800 1099 1831 τοὺς
1134 1800 1326 1831 ἀποστολικοὺς
1358 1800 1470 1836 χρόνους
1498 1802 1695 1838 ὲπισπαρείσας
1718 1804 1823 1839 αἱρετι-

1037 1845 1134 1878 ζούσας
1175 1846 1330 1882 ὲρεσχελίας
1368 1847 1414 1873 καὶ
1450 1847 1642 1883 τερατολογίας
1681 1849 1825 1875 ἀνέσπασε

1037 1891 1194 1928 πρόρριζον,
1212 1891 1279 1918 ἀλλὰ
1296 1892 1343 1918 καὶ
1358 1892 1409 1924 τὰς
1426 1893 1572 1928 μετέπειτα
1588 1893 1659 1920 κατὰ
1673 1894 1725 1929 τῆς
1741 1895 1825 1929 ἁγίας

1035 1937 1172 1973 ὁμοφυοῦς
1187 1937 1349 1973 δεσποτικῆς
1366 1939 1489 1975 Τριάόος,
1515 1940 1564 1972 τάς
1578 1949 1608 1966 τε
1625 1940 1694 1967 κατά
1711 1941 1762 1976 τῆς
1780 1942 1827 1967 ἐν-

1037 1984 1138 2019 σὰρκου
1155 1983 1201 2010 τοῦ
1218 1983 1285 2010 Θεοῦ
1303 1984 1387 2018 Λόγου
1397 1984 1514 2020 Χριστοῦ
1531 1985 1578 2011 τοῦ
1589 1986 1715 2022 Σωτῆρος
1731 1987 1826 2022 ἡμῶν,

1036 2030 1081 2058 καὶ
1097 2029 1146 2062 τὰς
1162 2030 1276 2066 ὕστερον
1292 2030 1361 2057 κατὰ
1384 2030 1431 2056 τοῦ
1457 2031 1643 2066 χριστωνὺμου
1670 2032 1827 2068 πληρώμα-

1034 2086 1090 2109 τος,
1108 2077 1154 2104 καὶ
1171 2076 1241 2103 κατὰ
1256 2077 1308 2112 τῆς
1332 2076 1386 2102 τῶν
1408 2076 1492 2110 ἁγίων
1518 2078 1564 2103 καὶ
1590 2078 1695 2104 σεπτῶν
1711 2079 1829 2107 εἰκόνων

1035 2124 1063 2149 ὲν
1080 2124 1139 2154 ταῖς
1156 2122 1215 2149 καθ’
1226 2122 1290 2157 ὃλην
1306 2122 1355 2158 τὴν
1371 2122 1532 2158 οἰκουμένην
1557 2124 1738 2158 πανευαγὲσιν
1763 2125 1829 2151 Ἐκ-

1036 2169 1160 2205 κλησίαις
1185 2170 1230 2196 καὶ
1255 2169 1447 2201 ἁποστολικαῖς
1470 2169 1630 2205 καθέδραις,
1663 2170 1829 2206 ἀναστηλώ-

197 2220 259 2240 ιυιιι
278 2219 413 2241 terrarum
436 2214 531 2242 orbem
557 2214 734 2249 irrepserant,
753 2214 875 2242 funditus
888 2215 982 2242 abstu-

1037 2215 1101 2246 σεώς
1117 2224 1146 2241 τε
1171 2215 1217 2242 καὶ
1248 2215 1468 2250 προσκυνήσεως,
1485 2215 1660 2246 ἁναδοθείσας
1683 2216 1829 2248 ἀντιθέους

197 2259 238 2287 lit.
262 2259 403 2295 Siquidem
423 2260 494 2288 Deus
507 2261 596 2296 palam
621 2261 703 2296 hujus
728 2261 815 2296 ipsius
828 2261 920 2296 lingua
936 2269 984 2288 an-

196 2305 273 2340 cipiti
290 2306 387 2340 quovis
401 2314 467 2334 ense
483 2307 605 2334 acutiorc
622 2307 729 2334 eminus
747 2307 847 2335 evulsit
861 2311 887 2334 et
914 2307 984 2333 inci-

196 2351 237 2379 dit
251 2352 393 2386 quodlibet
406 2361 551 2384 venenum,
568 2361 734 2388 germenque
746 2353 882 2380 seminum
901 2353 985 2380 hmrc-

198 2397 315 2425 ticurum
330 2399 463 2433 corrupit.
480 2398 615 2426 Casterum
635 2399 855 2434 evangelicarum
872 2402 899 2426 et
915 2406 982 2434 apo—

200 2443 360 2470 stolicarum
381 2444 605 2479 praedicationum
630 2449 657 2472 et
683 2446 861 2473 traditionum
880 2447 982 2473 verita-

197 2494 250 2518 tem
265 2489 436 2517 confirmavit
456 2498 487 2517 ae
507 2491 650 2519 stabilivit.
662 2491 779 2518 Proinde
795 2496 824 2518 ut
840 2491 982 2526 fulgentis-

197 2537 273 2564 sima:
287 2536 385 2564 divina:
399 2537 601 2572 praedicationis
615 2538 731 2565 illustris
744 2545 775 2565 ac
789 2537 983 2572 insuperabilis

197 2581 256 2616 ejus
267 2583 386 2610 elocutio
399 2582 644 2615 demonstraretur,
660 2584 733 2611 illius
742 2584 825 2611 verba
842 2584 982 2611 recitanda

196 2632 272 2658 sunt,
285 2627 386 2662 quibus
414 2628 478 2654 dum
502 2627 536 2655 dc
552 2628 695 2655 divinitate
707 2636 767 2663 quae
783 2628 872 2656 tribus
887 2636 983 2663 perso-

195 2672 250 2703 nis.
267 2680 364 2708 nempe
376 2682 430 2701 una
446 2673 580 2700 Trinitate
594 2673 762 2705 continetur.
781 2675 870 2708 dcquc
887 2675 983 2709 unige-

195 2717 254 2744 nito
278 2717 346 2746 Filio
373 2718 421 2746 Dei
447 2719 606 2755 loqueretur
641 2726 689 2753 per
720 2718 980 2750 mauifcstationem,

196 2771 256 2798 qua:
270 2764 427 2792 hominibus
441 2765 477 2792 ob
489 2765 658 2792 nativitatem
669 2765 728 2800 ejus
739 2773 772 2792 ex
789 2763 900 2798 Virgine
916 2772 982 2791 con-

195 2809 266 2844 tigit.
293 2818 360 2838 usus
385 2815 437 2839 est.
459 2810 488 2838 In
513 2811 694 2846 explicatione
726 2811 799 2837 enim
826 2810 980 2837 divinorum

195 2856 278 2892 374
288 2856 432 2886 Nominum
442 2857 572 2886 htecdicit
587 2868 592 2886 :
605 2867 614 2885 ι
626 2857 655 2886 ln
664 2858 738 2886 omni
752 2856 808 2886 fere
822 2857 910 2887 divini
921 2865 980 2886 ser-

1036 2261 1219 2297 βλασφημίας,
1237 2262 1282 2288 καὶ
1299 2262 1485 2296 γλωσσαλγίας
1502 2262 1608 2288 καθεῖλε
1625 2262 1827 2298 προθέλυμνον-

1034 2307 1081 2333 τοῦ
1098 2307 1167 2333 Θεοῦ
1189 2306 1289 2342 δηλαδὴ
1312 2306 1519 2342 προϐλεπτικῶς
1542 2307 1681 2342 πόρρωθεν
1706 2306 1751 2333 διὰ
1775 2308 1831 2343 τῆς

1035 2353 1137 2380 ἐκείνου
1169 2352 1307 2387 γλώττης,
1339 2353 1389 2388 τῆς
1413 2354 1504 2389 πάσης
1530 2353 1658 2388 διστόμου
1685 2353 1832 2389 μαχαίρας

1033 2399 1255 2434 τμητικωτέρας,
1275 2399 1498 2434 προεκτίλλοντός
1513 2408 1543 2426 τε
1561 2399 1606 2426 καὶ
1623 2399 1832 2435 προεκτέμνον-

1033 2452 1079 2476 τος
1096 2445 1226 2471 παντοίαν
1242 2444 1402 2481 δηλητήριον
1427 2445 1473 2471 καὶ
1494 2445 1653 2482 φθοροποιὸν
1677 2446 1832 2481 αἰρετικῶν

1035 2491 1198 2525 σπερμάτων
1216 2490 1377 2525 βλάστησιν·
1396 2491 1446 2526 τὴν
1462 2491 1490 2517 δὲ
1506 2491 1560 2517 τῶν
1577 2491 1761 2525 εὖαγγελικῶν
1779 2492 1832 2519 καὶ

1033 2536 1220 2562 ἀποστολικῶν
1246 2537 1429 2572 κηρυγμάτων
1467 2538 1512 2563 καὶ
1536 2537 1714 2573 παραδόσεων
1747 2546 1830 2564 συνι-

1035 2583 1152 2615 στῶντος
1174 2583 1219 2610 καὶ
1236 2583 1455 2614 ὲιιτιϐεΰαιοῦντος
1472 2583 1612 2619 ἀλήθειαν.
1626 2582 1730 2610 Οὐκοῦν
1742 2592 1832 2620 προα-

1034 2631 1112 2656 κτέον
1129 2630 1222 2657 αὺτολε
1227 2629 1265 2662 ξεὶ
1281 2630 1329 2665 τὴν
1361 2638 1497 2666 χρυσαυγε
1502 2630 1603 2665 στάτην
1627 2629 1832 2666 θεοφαντορίαν

1033 2674 1082 2709 τῆς
1107 2675 1188 2701 αὐτοῦ
1213 2674 1381 2710 Θεολαμποῦς
1407 2675 1453 2701 καὶ
1471 2675 1625 2710 θεοκινήτου
1650 2675 1832 2710 διαφράσεως

1033 2721 1096 2757 περὶ
1112 2721 1162 2756 τῆς
1178 2720 1394 2756 τρισυποστάτου
1411 2721 1549 2755 θεότητος,
1569 2720 1614 2748 καὶ
1630 2720 1680 2755 τῆς
1697 2720 1746 2747 τοῦ
1765 2721 1833 2752 ὲνὸς

1032 2767 1081 2802 τῆς
1098 2765 1214 2802 Τριάδος
1232 2766 1392 2800 μονογενοῦς
1418 2766 1481 2792 Υῐοῦ
1506 2765 1553 2793 τοῦ
1571 2766 1638 2792 Θεοῦ
1654 2766 1699 2793 διὰ
1722 2767 1776 2802 τῆς
1794 2769 1832 2793 ἐκ

1033 2811 1171 2848 Παρθένου
1194 2811 1345 2847 γεννήσεως
1370 2812 1437 2847 πρὸς
1463 2811 1620 2848 ἀνθρώπους
1643 2813 1830 2846 ἐπιφανείας·

1033 2859 1061 2887 ἐν
1079 2858 1132 2893 γὰρ
1145 2857 1175 2893 τῇ
1191 2857 1242 2884 τῶν
1258 2857 1337 2884 θείων
1351 2857 1506 2892 Ὀνομάτων
1522 2856 1669 2890 ἀναπτύξει
1686 2858 1748 2886 τάδε
1768 2866 1813 2893 φη
