1950 3065
138 178 186 206 ϋιι

598 174 692 207 VITA,
711 173 875 201 AUCTORE
899 171 1074 200 MICIIAELE
1092 171 1261 200 SYNGELO.

1717 176 1770 204 (M2

137 234 189 261 σίν·
219 243 228 260 ι
242 233 323 260 Ὅθεν
336 233 365 259 ὲν
378 232 452 269 πάσῃ
469 232 561 267 σχεδὸν
577 233 611 268 τῇ
635 231 775 267 θεολογικῇ
793 239 922 267 πραγμα-

978 230 1068 257 monis
1084 230 1259 263 tractatione,
1272 237 1406 257 summam
1423 230 1595 258 divinitatem
1610 236 1704 259 sancte
1722 241 1769 261 ce-

134 281 196 317 τείᾳ
212 281 261 316 τὴν
279 279 407 316 θεαρχίαν
423 279 530 314 ὁρῶμεν
547 278 628 314 ἱερῶς
639 278 810 313 ὑμνουμένην
825 278 862 309 ὠς
880 287 927 313 μο-

137 327 203 355 νάδα
221 327 279 362 μὲν,
297 326 344 352 καὶ
361 325 453 357 ἓνάδα,
470 324 512 351 διὰ
528 324 578 360 τὴν
595 324 734 359 ἁπλότητα
750 324 797 350 καὶ
814 324 927 359 ἑνότητα

135 373 185 409 τῆς
202 372 358 409 ὑπερφυοῦς
375 371 517 407 ἀμερείας,
535 370 565 403 ἐξ
595 368 630 406 ἦς
645 371 683 403 ὼς
706 370 827 397 ὲνοποιοῦ
848 370 927 398 δυνά-

137 428 210 456 μεως
227 418 386 453 ἐνιξόμεθα,
420 417 465 444 καὶ
481 416 537 443 τῶν
555 417 691 452 μεριστῶν
707 416 785 452 ἡμῶν
802 416 927 451 ἐτεροτή-

134 474 189 492 των
206 463 400 501 ὑπερκοσμίως
423 462 684 498 συμπτυσσομένων,
703 463 742 493 είς
759 461 860 496 θεοειδῆ
879 469 927 496 μο-

135 509 200 536 νάδα
218 507 389 544 συναγόμεθα
407 508 453 534 καὶ
469 508 634 543 θεομίμητον
650 507 745 534 ἕνωσιν
755 515 761 521 ·
775 507 812 538 ὡς
824 506 926 542 Τριάδα

135 554 172 587 δὲ,
190 554 233 581 διὰ
250 554 298 590 τὴν
321 555 536 590 τρισυπόστατον
563 553 614 588 τῆς
639 553 800 589 ὑπερουσίου
816 553 925 588 γονιμό-

135 610 217 637 τητος
233 601 373 635 ἔκφανσιν,
391 601 421 633 ἐξ
436 598 470 637 ἧς
486 602 561 628 πᾶσα
577 600 681 636 πατριὰ
704 601 733 627 ὲν
754 600 861 637 οὐρανῷ
877 600 924 627 καὶ

136 647 181 676 ἐπὶ
198 648 248 683 γῆς
264 649 334 680 ἐστι,
352 647 398 674 καὶ
414 647 585 683 ὀνομάζεται·
604 647 643 679 ὡς
659 646 747 673 αἰτίαν
764 646 792 673 δὲ
807 645 862 673 τῶν
878 646 922 672 ὅν-

134 702 199 726 των,
217 694 309 729 ἐπειδὴ
332 694 420 721 πάντα
443 694 511 730 πρὸς
527 693 558 720 τὸ
574 691 642 720 εἶναι
665 692 791 729 παρήχθη
815 692 858 719 διὰ
875 691 923 728 τὴν

135 739 219 774 αὐτῆς
235 738 386 765 οὺσιοποιὺν
409 738 582 774 ἀγαθότητα’
608 737 692 773 σοφὴν
717 737 745 764 δὲ
762 736 808 763 καὶ
825 736 920 772 καλὴν,

134 785 175 811 ὃτι
190 783 224 810 τὰ
249 784 314 810 ὅντα
345 783 443 816 πάντα,
467 783 501 809 τὰ
527 784 576 819 τῆς
592 783 694 814 οἰκείας
719 782 825 817 φύσεως
850 782 922 809 ἀπα-

135 831 278 867 ράφθαρτα
294 829 469 862 διασώζοντα,
497 830 587 866 πάσης
603 829 736 866 ἁρμονίας
759 829 849 855 ἐνθέου
875 828 922 855 καὶ

135 878 210 913 ἱερᾶς
226 877 391 913 εὐπρεπείας
407 876 480 904 ἐστὶν
496 876 628 903 ἀνάπλεα.

982 274 1082 301 lebrari
1097 275 1233 305 videmus.
1247 279 1277 301 ut
1290 275 1435 302 monadem
1448 275 1558 310 quidem
1581 281 1607 303 et
1622 277 1768 310 unitatem,

978 320 1014 347 ob
1028 321 1233 355 simplicitatem
1248 321 1439 356 unitatemque
1454 322 1562 349 eximia:
1577 322 1638 357 ejus
1663 326 1769 351 natura:

976 365 1127 399 partitione
1140 366 1272 397 carentis,
1289 373 1320 392 ex
1343 374 1396 401 qua
1412 370 1542 401 tanquam
1563 367 1676 394 uniente
1691 372 1768 403 pote-

977 414 1048 438 state
1063 410 1091 437 in
1108 418 1193 437 unum
1220 410 1380 446 redigimur.
1396 412 1564 447 nostrisque,
1593 420 1653 447 qua:
1678 418 1768 439 muta-

978 457 1048 483 tioni
1076 457 1273 492 partitionique
1298 462 1363 484 sunt
1381 458 1521 492 subjectae,
1548 459 1655 487 naturis
1683 459 1766 494 (quod

976 502 1127 529 humanum
1140 503 1247 530 excedit
1263 503 1355 538 usum)
1374 505 1546 540 complicatis
1570 505 1598 532 in
1623 506 1766 533 monadent

976 550 1097 577 divinam
1121 550 1237 586 efﬁgiem
1267 550 1443 584 referentem,
1468 552 1655 587 unitatemque
1680 551 1766 580 Deum

975 596 1128 624 imitantem
1145 596 1319 631 colligimur;
1335 601 1365 623 ut
1390 596 1552 624 Trinitatem
1572 605 1648 630 vero,
1670 598 1705 625 ob
1718 597 1767 625 de-

975 642 1203 669 monstrationem
1219 642 1247 669 in
1260 643 1349 670 tribus
1368 643 1495 678 personis
1512 643 1689 672 fecunditatis
1706 644 1766 680 ejus

974 696 1034 724 qua:
1046 692 1088 716 est
1104 696 1187 723 supra
1199 688 1348 716 lmmanum
1373 689 1495 720 modum,
1510 697 1542 716 ex
1558 697 1613 725 qua
1631 691 1722 718 omnis
1749 698 1764 718 a

973 733 1055 762 Patre
1072 734 1200 769 cognatio
1214 734 1241 761 in
1256 735 1326 761 coelo
1348 739 1375 762 et
1390 734 1417 762 in
1435 739 1509 762 terra
1526 739 1578 767 est,
1597 740 1623 763 et
1638 736 1764 763 nomina-

973 784 1037 814 tur;
1053 783 1084 808 ut
1095 788 1208 809 causam
1221 785 1351 816 praeterea
1371 789 1463 809 rerum
1480 783 1613 819 omnium,
1630 782 1764 817 siquidem

974 825 1069 854 omnia
1093 833 1141 860 per
1167 825 1315 852 bonitatem
1331 825 1402 861 ejus,
1432 834 1492 861 qum
1508 831 1537 854 ut
1556 827 1612 854 sint
1637 828 1766 856 omnibus

976 873 1120 908 elargitur,
1137 872 1164 899 in
1180 872 1268 900 lucem
1286 877 1349 900 sunt
1376 873 1458 901 edita.
1476 873 1632 908 Sapientem
1645 874 1709 901 item
1723 879 1766 901 at-

134 931 187 960 que
212 924 354 959 pulchram
376 931 438 951 esse
465 923 658 958 perspicimus,
673 921 803 957 quoniam
832 929 865 949 ex
881 920 925 948 his
939 926 1000 954 quae
1010 923 1076 946 sunt
1091 921 1118 945 et
1136 923 1242 945 natum
1264 926 1321 946 suae
1334 918 1446 954 propria
1466 923 1576 946 servant
1595 919 1765 954 incorrupta,

134 969 232 998 divinae
261 970 349 998 omnis
378 970 544 1004 harmoniae,
571 972 698 1006 sacrique
719 970 826 998 decoris
853 973 918 996 sunt
931 969 1023 1004 plena-

173 1026 182 1043 ‹
195 1016 385 1053 Φιλάνθρωπον
402 1017 430 1044 δὲ
445 1018 637 1055 διαφερόντως,
654 1019 695 1045 ὅτι
710 1018 767 1049 τοῖς
784 1016 842 1044 καθ’
853 1017 926 1052 ἡμᾶς
942 1019 963 1046 Β

134 1064 202 1100 πρὸς
218 1063 345 1100 ἀλήθειαν
360 1065 456 1098 ὁλικῶς
478 1067 508 1092 ὲν
541 1067 590 1102 μιᾷ
620 1065 676 1092 τῶν
701 1066 785 1101 αὐτῆς
802 1064 921 1092 ὑποστά-

135 1119 204 1137 σεων
220 1110 408 1146 ἐκοινώνησεν,
426 1112 631 1148 ἀνακαλουμένη
657 1113 724 1148 πρὸς
741 1111 839 1147 ἑαυτὴν
850 1131 856 1143 ,
874 1111 921 1138 καὶ

133 1157 292 1184 ἀνατιθεῖσα
307 1157 356 1193 τὴν
372 1157 546 1194 ἀνθρωπίνην
563 1159 701 1194 ἐσχατιὰν,
734 1158 763 1190 ἐξ
784 1155 818 1194 ἧς
834 1157 922 1193 άρρή-

133 1212 188 1235 τως
204 1204 218 1230 ὸ
234 1203 335 1235 ἁπλοῦς
359 1204 461 1240 Ἰησοῦς
487 1204 626 1240 συνετέθη,
645 1204 691 1231 καὶ
711 1204 865 1241 παράτασιν
881 1203 921 1230 εἵ-

135 1248 203 1284 ληφε
220 1249 346 1285 χρονικὴν
362 1251 376 1276 ὁ
391 1250 485 1282 ἀΐδιος,
504 1250 549 1276 καὶ
567 1250 632 1276 εἴσω
647 1250 698 1285 τῆς
715 1250 856 1285 καθ’ήμᾶς
866 1251 923 1284 ἐγε-

134 1295 208 1329 γόνει
225 1295 348 1330 φύσεως,
372 1297 386 1322 ὁ
412 1296 502 1331 πάσης
517 1297 566 1332 τῆς
583 1296 653 1323 κατὰ
671 1298 760 1324 πᾶσαν
777 1296 858 1331 φύσιν
873 1295 922 1322 τά-

135 1339 203 1373 ξεως
220 1340 389 1377 ὕπερουσίως
405 1341 574 1377 ὲκὸεόηκὼς,
594 1342 663 1377 μετὰ
685 1342 736 1378 τῆς
753 1340 920 1377 ἀμεταϐόλου

135 1386 181 1413 καὶ
197 1386 351 1423 ἅσυγχύτου
366 1387 421 1414 τῶν
437 1388 545 1415 οἰκείων
563 1388 702 1424 ἱδρύσεως.
718 1398 726 1414 ι
744 1388 799 1414 Kal.
816 1387 921 1423 συνῳδὰ

133 1431 248 1464 τούτοις,
265 1432 283 1459 ἃ
300 1432 340 1459 ἔτι
357 1433 420 1469 περὶ
436 1433 486 1468 τῆς
503 1433 549 1459 τοῦ
566 1433 669 1469 Κυρίου
687 1433 920 1469 ὲνανθρωπήσεως

134 1480 284 1506 ἐπιστέλλει
297 1480 364 1515 πρὸς
376 1480 464 1507 Γάϊον·
477 1490 486 1505 ι
502 1480 576 1512 Πῶς,
587 1481 651 1517 φῂς,
671 1480 774 1516 Ἰησοῦς
789 1482 802 1508 ὁ
811 1482 921 1508 πάντων

134 1525 263 1552 ἐπέκεινα
286 1526 369 1553 πᾶσίν
395 1528 469 1553 ἐστιν
491 1526 645 1564 ἀνθρώποις
669 1527 804 1558 οὺσιωδῶς
829 1535 922 1553 συντε-

133 1572 285 1607 ταγμένος;
303 1573 332 1599 οὺ
349 1573 403 1608 γὰρ
414 1573 452 1605 ὡς
468 1573 554 1604 αἴτιος
570 1573 721 1609 ἀνθρώπων
738 1573 829 1600 ἐνθάδε
846 1573 923 1608 λέγε-

133 1626 178 1644 ται
194 1617 345 1653 ἄνθρωπος,
373 1618 430 1645 ἀλλ’
446 1618 484 1650 ὡς
500 1619 580 1650 αὐτὸς
597 1619 657 1645 κατ’
669 1619 764 1646 οὐσίαν
778 1619 842 1654 ὃλην
858 1619 924 1654 ἀλη-

134 1663 188 1695 θῶς
205 1664 346 1699 ἄνθρωπος
370 1664 418 1691 ὢν.
451 1665 546 1700 Ἡμεῖς
570 1665 597 1692 δὲ
613 1665 659 1692 τὸν
683 1665 785 1701 Ἰησοῦν
807 1665 857 1692 οὐκ
873 1666 920 1692 ἀν-

1017 1023 1026 1039 (
1038 1013 1172 1041 Caeterum
1184 1012 1286 1040 mirum
1302 1013 1329 1040 in
1343 1013 1452 1042 modum
1469 1015 1503 1042 ab
1511 1015 1680 1043 humanitate
1690 1024 1766 1044 com-

973 1059 1147 1092 mendamus,
1175 1060 1305 1095 quoniam
1322 1060 1348 1086 in
1366 1067 1420 1087 una
1444 1068 1476 1088 ex
1503 1061 1564 1096 ejus
1579 1062 1706 1096 personis
1719 1070 1766 1089 na-

972 1111 1063 1133 turam
1079 1109 1202 1133 nostram
1229 1113 1292 1133 vere
1318 1105 1484 1141 penitusque
1510 1106 1665 1141 conjunxit,
1683 1116 1765 1135 revo-

972 1159 1040 1180 cans
1051 1151 1086 1178 ad
1099 1160 1129 1180 se
1145 1152 1253 1187 sibique
1276 1152 1430 1188 adjungens
1451 1153 1597 1180 humanam
1622 1154 1766 1182 imbecilli-

973 1200 1068 1231 tatem,
1082 1206 1114 1225 ex
1126 1206 1180 1233 qua
1193 1198 1309 1234 simplex
1327 1197 1408 1227 Jcsus
1432 1199 1606 1228 incﬂ‘abiliter
1629 1206 1672 1228 est
1689 1209 1766 1229 com-

973 1245 1091 1280 positus,
1107 1248 1136 1272 et
1151 1245 1198 1280 qui
1213 1245 1398 1280 sempiternus
1421 1250 1473 1278 est,
1501 1247 1633 1282 temporis
1655 1255 1765 1275 assum-

973 1290 1028 1324 psit
1054 1290 1264 1324 incrementum,
1296 1295 1377 1326 atque
1403 1291 1475 1319 intra
1500 1296 1626 1320 naturam
1641 1299 1768 1321 nostram

973 1335 1063 1364 factus
1080 1340 1131 1370 est,
1147 1338 1194 1372 qui
1210 1345 1319 1365 omnem
1334 1338 1483 1373 cujuslibet
1507 1339 1613 1367 ordinis
1637 1345 1765 1368 naturain

973 1382 1058 1417 (Quod
1078 1383 1229 1410 humanum
1254 1391 1357 1410 morem
1377 1386 1595 1422 supergreditur)
1614 1387 1763 1420 antecellit,

973 1429 1048 1456 nulla
1075 1434 1166 1456 tamen
1193 1429 1310 1465 propriae
1331 1434 1437 1458 natura:
1460 1433 1610 1460 mutatione
1624 1433 1695 1460 facta
1717 1437 1767 1461 aut

973 1474 1147 1503 confusione.
1169 1485 1178 1502 ›
1193 1475 1289 1502 Aﬂinia
1309 1481 1441 1510 praterea
1467 1481 1532 1505 sunt
1552 1477 1639 1511 hisce,
1655 1487 1716 1514 qua:
1730 1479 1765 1507 de

974 1521 1082 1548 Domini
1097 1521 1131 1548 ad
1145 1521 1273 1550 homines
1303 1522 1440 1551 descensu
1467 1524 1500 1551 ad
1528 1524 1626 1552 Gaium
1649 1525 1762 1553 scribit:

976 1577 986 1594 ε
999 1568 1061 1602 Qua
1071 1569 1179 1595 ratione
1191 1569 1303 1604 (inquis)
1315 1568 1462 1606 Jesus,qui
1474 1572 1564 1598 omnia
1583 1573 1767 1603 transcendit,

973 1617 1100 1644 omnibus
1118 1617 1281 1645 hominibus
1303 1622 1409 1646 naturzc
1433 1620 1626 1647 communione
1652 1621 1764 1655 copula-

974 1663 1035 1690 tur?
1060 1663 1121 1690 Non
1147 1663 1221 1690 enim
1250 1667 1279 1690 ut
1302 1669 1400 1692 auctor
1423 1664 1565 1692 hominum
1580 1666 1632 1693 hoc
1660 1667 1763 1696 inloco

134 1709 281 1746 θρωπικῶς
297 1710 472 1746 ἀφορίζομεψ
490 1710 550 1740 οὐδὲ
575 1711 629 1747 γὰρ
654 1699 796 1748 ἄνθρωπος
821 1711 919 1747 μόνον,

974 1708 1054 1736 homo
1068 1709 1181 1741 dicitur,
1198 1709 1245 1737 sed
1271 1710 1344 1745 quod
1361 1714 1416 1737 tota
1437 1711 1495 1746 ipse
1512 1713 1667 1740 substantia
1682 1713 1768 1742 honto’

133 1756 194 1783 οὐδὲ
219 1757 382 1793 ὑπερούσιος
405 1757 546 1793 ἄνθρωπος
573 1758 671 1793 μόνον,
704 1757 760 1784 ἀλλ’
779 1757 921 1794 ἄνθρωπος

133 1801 242 1837 ἀληθῶς
264 1803 278 1828 ὁ
300 1802 481 1838 διαφερόντως
506 1802 704 1838 φιλάνθρωπος,
722 1802 792 1838 ὑπὲρ
816 1802 920 1838 ἀνθρὼ-

133 1857 210 1880 πους,
230 1848 276 1875 καὶ
303 1848 372 1875 κατὰ
400 1848 560 1884 ἀνθρώπους
586 1849 619 1875 ὲκ
643 1848 693 1883 τῆς
709 1848 860 1884 ἀνθρώπων
875 1849 921 1875 οὑ-

133 1895 203 1926 σίας,
221 1894 235 1920 ὁ
252 1894 414 1930 ὑπεροὺσιος
430 1894 604 1929 οὐσιωμένος.
633 1895 711 1920 Ἔστι
728 1894 755 1921 δὲ
780 1894 856 1921 οὐδὲν
871 1891 920 1929 ἦτ-

131 1949 178 1967 τον
196 1941 422 1976 ὑπερουσιότητος
447 1941 635 1977 ὑπερπλὴρης,
653 1941 667 1967 ὁ
683 1940 726 1967 ἀεὶ
751 1940 920 1976 ὑπερούσιος,

132 1986 228 2021 ἀμέλει
244 1987 277 2022 τῇ
295 1986 396 2021 ταύτης
414 1986 566 2022 περιουσίᾳ,
585 1986 631 2012 καὶ
648 1987 688 2018 εὶς
705 1986 798 2013 οὐσίαν
814 1986 921 2021 ἀληθῶς

132 2030 218 2057 ἐλθὼν
235 2031 305 2066 ὑπὲρ
336 2032 430 2058 οὐσίαν
454 2031 588 2066 οὺσιὼθη,
616 2031 662 2058 καὶ
685 2031 756 2067 ὑπὲρ
780 2031 922 2067 ἄνθρωπον

133 2077 243 2112 ἐνήργει
265 2076 299 2103 τὰ
325 2077 478 2113 ἀνθρώπου·
505 2077 552 2103 καὶ
576 2076 652 2112 δηλοῖ
676 2077 820 2113 παρθένος,
838 2077 922 2112 ὑπερ-

132 2123 208 2158 φυῶς
225 2123 335 2155 κύουσα,
354 2124 401 2150 καὶ
418 2123 488 2159 ὕδωρ
505 2123 620 2151 ἄστατον
636 2123 735 2151 ὑλικῶν
752 2123 797 2150 καὶ
814 2123 922 2159 γεηρῶν

132 2169 222 2196 ποδῶν
238 2170 334 2204 ἀνέχον
351 2169 443 2206 βάρος,
461 2170 508 2197 καὶ
527 2170 564 2205 μὴ
581 2171 703 2202 ὑπεῖκον,
721 2169 922 2205 ἀλλ’ὑπερφυεῖ

132 2215 245 2250 δυνάμει
263 2215 331 2251 πρὸς
346 2215 376 2241 τὸ
393 2215 536 2250 ἀδιάχυτον
559 2216 764 2251 συνιστάμενον.
782 2215 814 2242 Τί
831 2215 863 2242 ἄν
878 2224 920 2247 τις

131 2261 168 2289 τὰ
184 2261 264 2288 λοιπὰ
287 2261 433 2297 πάμπολλα
464 2262 529 2289 ὄντα
559 2261 667 2293 διέλθοι,
691 2262 724 2289 δι’
747 2258 786 2288 ὧν
810 2263 824 2288 ὁ
841 2262 920 2294 θείως

130 2307 204 2343 ὁρῶν
221 2307 290 2343 ὑπὲρ
306 2307 368 2334 νοῦν
384 2306 528 2341 γνώσεται,
546 2307 591 2334 καὶ
607 2307 641 2334 τὰ
658 2307 704 2334 ἐπὶ
719 2309 752 2343 τῇ
770 2307 921 2343 φιλανθρω-

131 2353 182 2389 πίᾳ
198 2352 244 2379 τοῦ
268 2352 354 2388 Ἰησοῦ
371 2353 601 2389 καταφασκόμενα
616 2353 730 2388 δύναμιν
753 2353 920 2390 ὑπεροχικῆς

130 2399 295 2433 ἀποφάσεως
325 2399 437 2434 ἕχοντα;
461 2399 515 2425 Καὶ
541 2399 584 2426 ἵνα
607 2399 762 2431 συνελόντες
786 2399 917 2434 εἴπωμεν,

129 2445 191 2472 οὐδὲ
207 2445 349 2481 ἄνθρωπος
363 2443 406 2481 ἦν·
425 2445 473 2481 οὐχ
488 2445 525 2477 ὡς
544 2445 580 2481 μὴ
604 2445 754 2481 ἄνθρωπος,
771 2445 808 2477 ὡς
825 2444 854 2477 ἐξ
870 2445 918 2471 ἀν-

130 2493 248 2529 θρώπων
260 2493 396 2524 ἐπέκεινα,
408 2493 453 2519 καὶ
470 2493 539 2528 ὑπὲρ
556 2491 699 2527 ἄνθρωπον
715 2492 857 2528 ἄνθρωπος
873 2501 919 2526 γε-

129 2538 226 2573 γονὼς,
245 2539 291 2565 καὶ
306 2538 336 2564 τὸ
352 2538 444 2564 λοιπὸν
460 2538 489 2564 οὐ
507 2537 578 2565 κατὰ
594 2537 660 2564 Θεὸν
675 2537 709 2564 τὰ
728 2538 786 2564 θεῖα
802 2538 915 2573 δράσας,

128 2583 160 2609 οὐ
177 2581 211 2608 τὰ
227 2581 382 2618 ἀνθρώπεια
394 2581 464 2609 κατὰ
490 2582 643 2620 ἄνθρωπον,
668 2582 725 2608 ἀλλ’
735 2582 918 2618 ἀνδρωθέντος

128 2628 197 2655 Θεοῦ
223 2629 318 2664 καινήν
334 2637 394 2656 τινα
419 2629 465 2656 καὶ
497 2628 658 2665 θεανδρικὴν
683 2628 823 2664 ἐνέργειαν
852 2629 918 2664 ἡμῖν

129 2676 369 2711 πεπολιτευμένος.
392 2686 400 2702 ι

971 1763 1037 1782 vere
1051 1755 1176 1783 exsistat.
1193 1755 1250 1784 Nos
1264 1764 1330 1784 vero
1354 1755 1447 1785 Jesum
1472 1765 1526 1785 non
1553 1758 1672 1787 humano
1688 1768 1763 1789 more

971 1799 1118 1828 deﬁnimus
1132 1811 1138 1828 :
1165 1809 1253 1837 neque
1268 1802 1342 1829 enim
1365 1803 1446 1830 homo
1460 1807 1567 1831 tantum
1581 1805 1763 1834 substantiam

971 1846 1116 1875 excedens.
1135 1847 1189 1875 Sed
1221 1856 1286 1875 vere
1303 1848 1392 1876 .homo
1409 1853 1452 1876 est
1484 1849 1540 1885 (ille
1556 1851 1603 1886 qui
1627 1859 1719 1880 amore
1735 1852 1762 1880 in

972 1892 1096 1920 homines
1107 1894 1226 1927 excellit)
1239 1902 1323 1929 supra
1338 1895 1473 1927 homines,
1488 1903 1520 1923 ac
1543 1897 1622 1930 juxta
1637 1898 1765 1926 homines

971 1947 1006 1966 ex
1015 1939 1158 1967 hominum
1176 1940 1349 1972 substantia.
1367 1942 1414 1976 qui
1443 1941 1626 1970 substantiam
1652 1951 1761 1971 onmem

971 1985 1122 2021 egreditur,
1148 1986 1296 2013 humanam
1317 1994 1427 2014 carnem
1441 1989 1601 2023 assumpsit.
1618 1989 1705 2017 Porro
1720 1990 1762 2017 ni-

971 2030 1027 2057 hilo
1042 2034 1186 2066 propterca
1202 2031 1295 2059 minus
1306 2036 1348 2060 est
1360 2032 1417 2059 hac‘
1426 2032 1495 2067 ipsa,
1519 2041 1580 2068 quae
1599 2035 1762 2064 substantia:

970 2076 1025 2103 vim
1039 2084 1145 2104 omnem
1162 2082 1284 2113 superat,
1299 2083 1410 2110 natura,
1433 2086 1481 2114 per
1496 2088 1578 2115 quam
1594 2081 1692 2116 plenus
1707 2087 1766 2115 est,

971 2121 1035 2155 quia
1046 2121 1175 2148 nimirum
1203 2123 1385 2150 substantiam
1397 2131 1506 2151 omnem
1527 2125 1685 2159 hujusmodi
1712 2135 1767 2154 na—'

971 2170 1040 2194 tum
1054 2168 1218 2196 celsitudine
1241 2176 1350 2204 semper
1364 2170 1483 2198 excellit.
1497 2170 1621 2206 Cumque
1640 2180 1703 2200 vere
1726 2175 1766 2201 ad'

971 2213 1154 2240 substantiam
1174 2213 1373 2247 descendisset,
1389 2216 1436 2250 qui
1461 2217 1586 2252 qualibet
1605 2218 1760 2247 substantia

970 2259 1059 2293 major
1071 2259 1152 2294 375
1172 2263 1224 2291 est,
1244 2260 1428 2288 substantiam
1456 2266 1578 2290 nostram
1598 2265 1713 2300 accepit,
1732 2268 1764 2293 et:

971 2312 1054 2340 supra
1071 2305 1221 2338 hominem,
1238 2313 1299 2341 quae
1325 2306 1444 2335 hominis
1469 2315 1578 2343 propria
1610 2314 1684 2343 sunt,
1697 2319 1764 2340 eve-r

970 2351 1019 2379 xit.
1027 2350 1448 2386 ld,Virgo,admirabilinovitate
1459 2355 1581 2389 pariens.
1590 2357 1763 2392 manifestat,-

971 2401 999 2424 et
1014 2405 1085 2433 aqua
1102 2397 1248 2429 instabilis,
1265 2397 1330 2424 dttm
1343 2399 1524 2427 matcrialium
1543 2408 1576 2429 ac
1590 2406 1763 2432 terrenorum

971 2445 1070 2480 pedum
1089 2445 1208 2472 sustinet
1221 2445 1339 2479 pondus,
1353 2453 1404 2473 nec
1428 2447 1511 2478 cedit,
1531 2449 1578 2476 sed
1597 2450 1761 2479 admiranda

971 2491 1092 2525 potentia
1108 2491 1195 2517 instar
1221 2490 1316 2518 solida:
1342 2492 1463 2519 materim
1487 2494 1622 2523 subststit.
1638 2497 1673 2524 At
1691 2498 1758 2525 reli-

970 2544 1036 2570 qua,
1061 2544 1122 2571 qua:
1148 2543 1215 2562 sane
1242 2537 1378 2570 permulta
1407 2542 1481 2571 sunt,
1499 2540 1561 2573 quis
1588 2543 1764 2570 recensendo

970 2582 1133 2617 percurrat?
1147 2582 1247 2617 quibus
1275 2583 1321 2618 qui
1338 2589 1466 2612 accurate
1480 2590 1507 2614 et
1520 2589 1592 2616 ultra
1609 2588 1757 2616 humanum

970 2629 1080 2656 modum
1094 2630 1250 2664 speculatus
1265 2629 1356 2663 fuerit,
1372 2637 1402 2658 ea
1420 2639 1528 2668 quoque
1541 2642 1600 2668 quae
1617 2635 1643 2661 in
1661 2635 1757 2662 huma-

970 2675 1056 2702 nitate
1072 2674 1136 2702 Jesu
1153 2675 1299 2708 affirmant,
1321 2677 1449 2711 protinus
1467 2685 1594 2714 agnoscet
1609 2681 1662 2707 vim
1686 2689 1756 2715 prte-

129 2721 307 2749 stantissima:
334 2721 488 2756 negationis
503 2721 615 2753 habere,
642 2725 670 2748 et
687 2725 718 2748 ut
739 2720 860 2748 breviter
874 2720 1012 2752 dicamus,
1031 2728 1121 2755 neque
1146 2721 1227 2748 homo
1252 2728 1320 2754 erat,
1346 2730 1402 2750 non
1424 2728 1553 2759 tanquam
1579 2726 1756 2754 humanitatis

128 2776 238 2803 expers,
253 2768 300 2795 sed
316 2773 443 2803 tanquam
458 2776 490 2796 ex
503 2768 659 2796 hominibus
679 2773 767 2800 ortus,
784 2767 909 2795 homines
925 2768 1084 2800 excellebat,
1099 2769 1179 2796 homo
1193 2777 1275 2804 super
1300 2769 1424 2798 homines
1445 2772 1542 2801 factus.
1568 2773 1607 2801 Ac
1627 2774 1755 2808 deinceps

128 2824 218 2852 neque
239 2816 330 2843 divina
355 2820 384 2842 ut
407 2815 488 2848 Deus,
513 2823 602 2851 neque
623 2815 741 2842 humana
758 2822 854 2842 rursus
881 2820 911 2842 ut
925 2815 1008 2842 homo
1019 2814 1133 2848 faciens,
1150 2815 1198 2843 sed
1214 2815 1284 2844 Deus
1311 2817 1394 2844 homo
1417 2816 1517 2849 factus,
1542 2825 1640 2844 novam
1660 2826 1755 2852 quam‘

128 2865 192 2893 dam
203 2872 392 2900 summamque
405 2864 501 2900 agendi
525 2867 686 2899 potestatem
706 2863 786 2891 nobis
811 2863 970 2898 impertivit.
987 2873 996 2890 I

166 2915 226 2941 Κάν
233 2915 265 2948 τῇ
273 2914 322 2949 τῆς
335 2913 607 2949 Ἐκκλησιαστικῆς
622 2913 773 2948 ιερίιρκίας
786 2913 909 2939 διδασκοί⁴

1003 2911 1032 2940 ιη
1052 2916 1169 2940 tractatu
1185 2920 1251 2957 vero
1272 2912 1310 2941 De
1339 2920 1418 2940 sacro
1439 2911 1569 2940 Ecclesiae
1598 2912 1752 2948 principatu
