1950 3065
219 154 274 182 645

813 152 840 180 S.
859 152 1009 181 DlONYSll
1026 152 1257 181 AREOPAGITIE

1799 153 1851 181 ομ

219 212 436 248 speculationem
465 211 500 240 de
527 211 621 240 divina
647 212 779 247 unguenti
799 213 1007 240 consecratione

1061 213 1103 249 λίᾳ
1118 213 1168 249 τὴν
1184 213 1249 249 περὶ
1265 212 1315 248 τῆς
1331 211 1406 245 θείας
1421 212 1468 240 τοῦ
1481 212 1566 249 μύρου
1582 211 1694 249 τελετῆς
1710 212 1852 240 ἀναπτύσ-

217 258 371 294 explicans,
384 258 438 285 ait:
451 267 460 284 ι
471 257 531 285 Non
542 258 626 294 igitur
638 257 842 285 sacratissimus
855 257 1009 285 divinarum

219 304 437 333 substantiarum
455 304 523 332 ordo
537 304 685 340 ignoravit,
706 303 799 332 Jesum
820 304 904 332 Deum
919 305 1009 331 maxi-

219 358 295 378 mum
307 358 322 377 e
336 350 415 377 ccelis
429 353 459 377 ut
472 350 692 377 sanctilicaretur
704 349 893 383 descendisse,
912 357 1008 377 verum

221 397 255 424 ad
272 397 421 424 humanam
437 400 564 422 naturam
583 403 644 423 sese
660 395 695 422 ob
707 395 828 423 divinam
841 404 873 423 ac
887 396 1010 424 inell'abi-

220 444 274 471 lem
289 444 350 477 ejus
366 443 564 477 benignitatem
588 446 683 470 sancte
699 442 844 477 dejecisse,
864 443 952 478 ipsum
967 443 1010 470 iu-

219 490 329 524 telligit,
354 492 381 516 et
403 496 418 514 a
438 488 530 520 Patre,
561 495 646 523 seque
662 488 738 523 ipso,
755 495 770 514 a
783 492 879 515 sancto
893 488 1008 523 Spiritu,

220 535 341 563 humano
357 542 433 562 more
447 533 647 562 sanctificatum
660 540 787 565 cernens,
801 534 941 569 proprium
959 541 1010 561 no-

219 581 258 607 vit
270 580 434 616 principium
448 580 475 606 in
491 580 534 607 his
545 587 605 614 quae
620 587 727 607 summa
742 583 876 615 potestate
888 588 936 616 per
948 580 1010 607 sub-

220 627 357 658 stantiam,
372 633 432 662 quze
449 626 525 653 nullo
541 629 621 661 pacto
639 626 779 653 immutari
796 629 899 662 potest,
916 625 1009 655 elIicit.

219 671 310 705 Quare
322 679 462 699 sacrorum
480 671 620 706 signorum
637 671 747 699 traditio
764 677 861 699 sancto
872 679 904 699 ac
916 672 1009 700 divino

219 717 380 753 seraphinos
394 717 557 744 circumstat
571 723 721 752 unguento,
739 717 804 745 dum
821 717 961 745 Christum
981 718 1010 745 in

221 768 318 792 nostra
345 764 515 791 humanitate
541 771 605 790 vere
632 764 796 799 penitusque
810 764 1009 792 immutabilem

219 810 355 846 agnoscit,
365 814 447 845 atque
455 809 599 837 describit.
612 819 621 835 ι
633 808 655 836 0
671 810 844 838 sanctissima
860 810 931 837 labia
947 810 1011 838 talia

218 856 382 892 prolocuta!
407 855 495 889 Quam
518 862 580 882 vere
607 854 635 881 in
666 855 734 890 ipsis
754 855 840 883 ell'usa
862 859 904 883 est
924 857 1011 891 gratia

220 903 355 930 donorum
372 902 492 938 Spiritus
505 902 604 934 sancti,
617 909 633 928 a
652 909 707 937 quo
722 902 794 930 dona
820 903 847 930 in
875 911 933 937 eos,
964 904 1011 938 qui

219 956 282 976 cum
298 949 400 981 animo,
425 952 484 976 tum
504 955 621 983 corpore
636 948 729 976 divine
752 949 909 985 perpurgati
934 953 1010 982 sunt,

219 996 445 1032 proﬁciscuntur,
471 1003 533 1030 qua:
547 993 667 1029 pontifex
692 994 737 1022 hic
763 996 955 1024 sanctissimus
969 999 1012 1024 est

218 1044 394 1070 consecutus.
412 1040 436 1069 0
449 1041 572 1077 linguam
604 1041 688 1068 rebus
704 1040 806 1068 divinis
830 1042 1010 1077 explicandis,

219 1088 362 1122 sacrisque
375 1087 526 1122 pandendis
550 1086 669 1114 maxime
683 1087 880 1120 necessariam,
896 1095 957 1123 quae
970 1095 1012 1116 re.

219 1135 330 1162 condita
346 1134 404 1162 haec
419 1138 446 1162 et
471 1141 571 1161 arcana
595 1134 726 1170 mysteria
747 1134 905 1169 planissima
929 1134 1011 1162 nobis

219 1181 326 1209 effecit!
341 1180 410 1208 Vere
429 1181 470 1216 (ut
486 1180 609 1207 divinum
625 1180 708 1208 habet
723 1180 874 1215 eloquium)
889 1181 1011 1209 calamus

219 1227 318 1255 scriba
334 1227 465 1255 velociter
483 1227 631 1255 scribentis
648 1227 782 1262 appellata
805 1231 857 1254 est.
879 1226 902 1254 0
915 1227 1012 1255 claris-

220 1273 317 1300 simam
338 1276 456 1299 mentem
471 1279 532 1307 quae
559 1272 716 1306 huiusmodi
731 1272 924 1306 cogitationes.
950 1279 1012 1307 quae

219 1317 343 1345 omnium
364 1325 474 1346 sensum
487 1322 570 1354 atque
585 1326 739 1346 sermonem
752 1319 928 1350 antecellunt,
943 1318 1011 1346 edo-

219 1367 265 1391 cta
289 1369 331 1391 est
357 1368 384 1392 et
413 1364 546 1392 divinitus
574 1365 730 1392 illustrata!
748 1364 815 1397 Quae
840 1363 914 1391 enim
933 1371 1011 1391 mens

220 1410 379 1438 acutissime
393 1415 420 1438 et
440 1411 532 1439 divine
547 1411 730 1447 perspiciens,
746 1419 802 1438 non
827 1417 936 1437 omnem
956 1410 1012 1437 hae-

219 1456 368 1484 reticorum
388 1456 603 1486 infensissimam
626 1461 783 1485 contemnet
797 1457 893 1488 aciem,
907 1456 935 1484 in
948 1456 1012 1484 bre-

218 1503 339 1531 vissimis
353 1502 509 1531 divinorum
523 1504 621 1531 horum
632 1504 778 1531 verborum
795 1503 929 1538 praesidiis
944 1510 1010 1538 pro-

219 1552 333 1576 stratam
345 1553 427 1584 atque
450 1553 640 1585 consumptam
653 1553 785 1583 tanquam
805 1548 1008 1576 multitudinem
1022 1564 1045 1595 Ο

219 1595 292 1623 inter
308 1596 517 1624 molestissimas
543 1596 676 1632 quasdam
695 1596 900 1623 vulneratorum
926 1602 1007 1623 voces

219 1642 353 1677 sanguine
373 1643 541 1678 pulvereque
564 1642 716 1670 fmdatam?
732 1641 815 1677 376
829 1641 892 1669 Haec
904 1649 971 1670 sane
981 1645 1009 1669 et

219 1688 329 1722 quidem
349 1688 495 1716 admodum
511 1688 609 1724 exigua
627 1688 654 1715 in
667 1688 741 1715 illius
761 1687 952 1722 pulcherrimis
967 1687 1010 1715 di-

219 1735 289 1762 vinae
305 1734 438 1762 doctrinae
456 1735 556 1768 hortis,
573 1735 653 1770 quasi
682 1734 775 1767 ﬂores,
791 1743 804 1761 a
818 1734 899 1761 nobis
914 1741 1010 1762 excer-

218 1786 266 1817 pta
278 1784 353 1813 sunt,
370 1784 399 1808 ut
415 1781 605 1808 excellentiam
620 1781 819 1808 cmlestissimaa
833 1780 919 1815 ipsius
931 1779 1009 1807 theo-

219 1826 308 1860 logiaa,
322 1829 349 1853 et
362 1825 596 1860 incomparabilis,
626 1832 658 1852 ac
683 1825 846 1853 clarissima;
866 1824 964 1851 divina:
981 1823 1011 1850 il-

219 1872 274 1900 lius
288 1871 451 1900 assertionis
479 1871 512 1898 de
537 1879 601 1899 vera
627 1876 654 1899 et
670 1870 940 1906 incomprehensibili
958 1870 1011 1898 ﬁde

220 1918 372 1946 laudarem.
387 1917 473 1944 Porro
488 1917 650 1952 sapientiam
668 1923 750 1953 atque
775 1917 927 1950 scientiam,
955 1924 1009 1951 qua

220 1972 283 1991 cum
308 1964 337 1991 in
360 1963 550 2000 gubernando,
570 1967 627 1990 tum
649 1963 677 1990 in
699 1962 837 1998 pascendo
857 1970 937 1998 grege
957 1962 1010 1990 sibi

220 2009 380 2037 concredito
401 2018 469 2037 usus
492 2013 545 2041 est,
560 2010 660 2044 quibus
687 2017 736 2044 pro
752 2009 885 2045 dignitate
911 2016 1011 2036 ornare

220 2055 352 2083 laudibus
374 2057 504 2092 possem?
525 2064 557 2084 ex
575 2064 630 2091 quo
644 2057 716 2083 enim
736 2057 819 2091 puppi
844 2056 1011 2090 gubernator

220 2101 333 2134 insedit,
349 2101 520 2136 apprehenso
548 2104 657 2128 temone
673 2101 793 2136 undique
814 2104 957 2128 ventorum
971 2101 1011 2127 in-

220 2153 320 2173 cursus
343 2145 489 2181 vigilanter
520 2146 665 2181 explorat,
701 2146 891 2181 procellasque
914 2146 1010 2181 procul

220 2190 330 2225 quidem
343 2197 376 2217 ac
390 2198 462 2226 saepe
474 2190 556 2218 etiam
573 2191 696 2225 proxime
712 2190 849 2219 irruentes
864 2193 1009 2226 praecavet,

1061 268 1116 286 σων
1133 260 1258 295 Θεωρίαν,
1271 261 1338 297 ἐρεῖ·
1356 269 1366 286 ‹
1380 260 1484 287 Οὐκοῦν
1494 261 1511 296 ὴ
1523 260 1648 297 θειοτάτη
1664 260 1718 288 τῶν
1735 261 1852 296 ὑπερου-

1060 306 1160 343 ρανίων
1176 306 1273 333 οὐσιῶν
1288 307 1364 339 τάξις
1380 308 1430 334 οὐκ
1448 308 1570 346 ῄγνόηκε
1595 308 1641 335 τδν
1664 307 1852 344 θεαρχικώτα-

1059 361 1105 380 τον
1128 353 1231 388 Ἰησοῦν
1248 354 1287 385 εἰς
1309 353 1339 380 τὸ
1364 352 1525 388 ἁγιάζεσθαι
1550 353 1761 390 κατεληλυθότα.
1786 354 1852 381 Νοεί

1059 397 1087 424 δὲ
1103 398 1184 425 αὐτὸν
1202 399 1282 435 ίερῶς
1299 400 1328 426 ἐν
1344 400 1401 431 τοῖς
1418 399 1478 426 καθ’
1489 400 1562 435 ἡμᾶς
1576 399 1673 427 ἑαυτὸν
1689 400 1790 434 ὑφέντα
1805 400 1850 427 δια

1060 443 1134 470 Θείαν
1150 444 1197 471 καὶ
1212 444 1330 481 ἄρρητον
1346 445 1512 481 ἁγαθότητα,
1531 445 1577 472 καὶ
1593 446 1662 482 πρὸς
1678 446 1725 472 τοῦ
1742 446 1851 483 Πατρδς

1059 489 1157 516 ἐαυτοῦ
1174 499 1204 516 τε
1221 491 1267 517 καὶ
1283 490 1331 517 τοῦ
1348 491 1505 527 [Ινεύματος
1523 491 1764 528 ἀνθρωποπρεπῶς
1776 493 1855 527 ἁγια-

1060 535 1173 571 ζόμενον
1189 536 1290 572 ὁρῶσα,
1308 537 1358 572 τὴν
1380 537 1484 563 οἰκείαν
1501 535 1570 563 οἶδεν
1586 537 1685 573 ἀρχὴν,
1709 538 1739 563 ἐν
1756 534 1798 569 οἷς
1813 537 1850 565 ἄν

1060 582 1213 620 θεαρχικῶς
1228 583 1279 619 δρᾷ
1295 582 1325 609 τὸ
1348 583 1409 609 κατ’
1424 582 1519 609 οὐσίαν
1542 582 1721 609 ἀναλλοίωτον
1739 582 1848 618 ἔχουσα.

1061 630 1142 657 Ὅθεν
1158 631 1174 665 ἡ
1191 629 1246 656 τῶν
1264 629 1343 665 ἱερῶν
1357 629 1497 665 συμϐόλων
1515 628 1662 665 παράδοσις
1678 628 1850 664 άγιαζομένῳ

1059 675 1099 710 τῷ
1120 675 1184 711 θείῳ
1213 675 1291 711 μύρῳ
1307 675 1371 707 τοὺς
1389 675 1510 712 σεραφὶμ
1526 675 1709 710 περιίστησιν,
1726 674 1850 711 ἀπαράλ-

1060 721 1157 749 λακτον
1183 721 1268 748 εἰδυῖα
1294 722 1340 748 καὶ
1364 722 1550 758 διαγράφουσα
1566 721 1612 747 τὸν
1638 721 1755 757 Χριστὸν
1772 722 1802 748 ὲν
1814 722 1850 757 τῇ

1061 767 1121 794 καθ’
1139 768 1211 803 ἡμᾶς
1228 767 1305 802 ὑλικῇ
1329 767 1397 804 πρὸς
1414 767 1541 802 ἀλήθειαν
1558 766 1772 802 ἐνανθρωπήσει.
1788 776 1798 792 ι
1818 767 1851 793 Ὢ

1059 814 1115 841 τῶν
1141 813 1359 850 μακαριωτάτων
1381 813 1493 849 χειλέων
1516 813 1570 840 τῶν
1589 812 1676 840 ταῦτα
1693 812 1850 848 φθεγξαμέ-

1060 861 1129 887 νωνι
1148 860 1185 892 ὡς
1201 859 1308 894 ἀληθῶς
1323 861 1351 886 ἐν
1367 860 1458 891 αὐτοῖς
1474 859 1521 886 τοῦ
1538 859 1715 895 Παρακλήτω
1732 858 1787 885 τῶν
1803 867 1851 894 χα-

1063 906 1212 942 ρισμάτων,
1238 906 1299 932 ὅθεν
1322 907 1349 932 αἱ
1374 905 1473 942 δωρεώ
1489 907 1546 937 τοῖς
1563 905 1682 936 θειωδῶς
1697 904 1787 940 ψυχὴν
1804 905 1851 931 καὶ

1062 952 1142 988 σῶμα
1158 951 1382 988 κεκαθαρμένοις,
1394 949 1434 984 οἷς
1443 951 1590 987 ἐτύγχανεν
1605 950 1644 978 ὣν
1658 948 1737 982 οὗτος
1752 952 1767 978 ὁ
1784 960 1853 977 παν-

1061 998 1171 1033 ἀγιστος
1200 998 1384 1034 ἱεροφάντωρ,
1411 997 1427 1033 ἡ
1453 998 1533 1034 χάρις
1562 997 1724 1032 ἐκκέχυταιί
1747 997 1780 1023 Ὢ
1801 997 1852 1032 τῆς

1062 1044 1283 1080 ἐπιτηδειοτάτης
1314 1043 1383 1079 πρὸς
1410 1043 1564 1080 ὑπηρεσίαν
1598 1043 1650 1078 τῆς
1676 1042 1852 1077 θεοφθεγξίας

1062 1088 1245 1126 ἱεροφάντιδος
1255 1087 1445 1124 γλώττης,τῆς
1461 1089 1549 1115 τοιάδε
1566 1088 1621 1115 τῶν
1639 1087 1852 1125 κρυφιομύσ-ιων

1064 1136 1214 1171 μυημάτων
1232 1134 1489 1170 ἐκφαντορικώτατα
1499 1134 1732 1171 διατρανωσάσηςί
1746 1135 1853 1165 Ὄντως

1062 1180 1227 1216 ὀξυγράφου,
1245 1180 1316 1208 κατὰ
1333 1180 1364 1207 τὸ
1388 1180 1488 1214 λόγιον,
1516 1180 1703 1216 γραμματέως
1729 1179 1851 1215 ἐχρημά-

1061 1235 1119 1253 τισε
1138 1227 1269 1262 κάλαμος.
1281 1227 1312 1253 Ὢ
1321 1226 1371 1261 τῆς
1391 1226 1543 1261 φανοτάτης
1554 1225 1652 1261 φρενὸς
1668 1226 1718 1261 τῆς
1736 1224 1854 1251 τοιαῦτα

1061 1273 1108 1300 τὸν
1126 1273 1196 1308 ὑπὲρ
1220 1272 1309 1299 πάντα
1333 1271 1396 1298 νοῦν
1415 1271 1461 1298 καὶ
1476 1271 1555 1306 λόγον
1573 1270 1775 1306 ὲλλαμφθείσης
1791 1272 1854 1306 νοή-

1064 1318 1152 1354 ματαί
1172 1318 1220 1350 Τίς
1238 1317 1293 1354 γὰρ
1305 1317 1378 1349 νοῦς,
1391 1316 1607 1352 ὀξυδερκέστατα
1623 1316 1670 1343 καὶ
1679 1316 1759 1348 θείως
1768 1315 1853 1352 δρῶν,

1061 1364 1111 1400 οὐχ
1127 1363 1221 1399 ὥσπερ
1239 1363 1268 1390 ἐν
1291 1372 1363 1390 τισιν
1390 1362 1612 1399 ἀργαλεωτάταις
1638 1363 1739 1397 φωναῖς
1767 1370 1854 1398 spcu—

1063 1411 1167 1447 ματιῶν
1193 1411 1294 1447 πλῆθος
1327 1412 1423 1446 αῖματι
1449 1411 1495 1437 καὶ
1520 1411 1627 1447 κονίῃσι
1657 1409 1853 1446 πεφυρμένον,

1062 1457 1134 1484 ἅπαν
1147 1457 1178 1483 τὸ
1202 1456 1258 1484 τῶν
1282 1457 1449 1493 αἰρεσιωτῶν
1473 1457 1688 1492 δυσμενέστατον
1708 1457 1804 1490 στῖφος
1823 1457 1855 1482 ἐν

1061 1505 1121 1535 ταῖς
1139 1503 1321 1539 βραχυτάταις
1339 1503 1393 1529 τῶν
1410 1502 1585 1538 θεοφράστων
1602 1502 1733 1538 ῥημάτων
1746 1501 1855 1528 τούτων

1061 1551 1202 1586 περιοχαῖς
1219 1549 1406 1586 κατερηριπύς
1427 1558 1457 1576 τε
1477 1549 1523 1576 καὶ
1540 1548 1664 1580 διολωλδς
1682 1547 1854 1582 κατόψεταις

1060 1595 1152 1622 Ταῦτα
1172 1595 1221 1631 μὲν
1236 1596 1268 1631 δὴ
1286 1595 1333 1622 καὶ
1355 1595 1415 1621 λίαν
1432 1594 1511 1629 ὀλίγα
1533 1594 1587 1621 τῶν
1611 1593 1787 1630 ὡραιοτάτων
1804 1594 1856 1620 αὺ-

1058 1641 1105 1668 τοῦ
1131 1641 1303 1676 δογματικῶν
1329 1642 1394 1677 ἡμῖν
1421 1641 1586 1677 άπήνθισται
1611 1639 1762 1676 λειμώνων,
1790 1640 1856 1666 ὅσον

1059 1686 1229 1714 καλλωπίσαι
1252 1686 1301 1722 τὴν
1328 1687 1466 1722 εὐφημίαν
1493 1686 1543 1721 τῆς
1569 1685 1741 1721 ὑψηλοτάτης
1769 1684 1857 1711 αὑτοῦ

1059 1731 1208 1767 θεολογίας,
1228 1732 1275 1759 καὶ
1291 1732 1341 1768 τῆς
1369 1731 1563 1768 άπαραϐλὴτου
1583 1732 1629 1758 καὶ
1653 1731 1857 1766 διαυγεστάτης

1059 1778 1214 1816 ὀρθοδοξίας
1240 1779 1290 1814 τῆς
1310 1778 1426 1815 ἀληθοῦς
1444 1779 1491 1806 καὶ¹
1519 1778 1641 1814 ἀλήπτου
1662 1777 1792 1809 πίστεως.
1813 1777 1856 1813 Τῇ

1059 1827 1088 1854 δέ
1106 1836 1137 1861 γε
1153 1826 1336 1862 κυϐερνητικῇ
1356 1825 1438 1861 σοφίᾳ
1447 1825 1494 1852 καὶ
1514 1825 1677 1860 ποιμαντικῇ
1698 1824 1856 1860 ἐπιστήμῃ,

1062 1872 1119 1909 μεθ’
1131 1870 1165 1908 ἧς
1186 1872 1217 1899 τδ
1243 1871 1422 1907 ἐμπιστευθὲν
1440 1872 1526 1898 διεῖπε
1544 1871 1679 1906 ποίμνιον,
1707 1869 1804 1900 ποίους
1823 1870 1859 1896 ἂν

1061 1919 1188 1953 ἐπαξίους
1221 1918 1374 1954 ἐφαρμόσαι
1401 1917 1516 1954 κρότους
1544 1916 1705 1953 ίσχύσαιμι;
1731 1915 1771 1947 ὡς
1799 1915 1859 1952 γὰρ

1060 1965 1229 2001 κυὸερνήτης
1253 1964 1303 2000 τῆς
1329 1963 1457 1999 πρύμνης
1485 1963 1695 1998 ὲπικαθήμενος,
1724 1962 1772 1989 καὶ
1799 1962 1859 1988 τῶν

1060 2009 1160 2036 οἰάκων
1174 2008 1375 2044 ἐπειλημμένος
1393 2007 1552 2044 ὲγρηγόρως
1570 2006 1703 2034 πάντοθεν
1720 2014 1860 2042 περισκο-

1060 2057 1107 2083 πεῖ
1124 2056 1174 2087 τὰς
1192 2055 1247 2082 τῶν
1265 2055 1373 2090 ἀνέμων
1396 2053 1523 2088 ἐφόδους·
1543 2053 1590 2079 καὶ
1605 2052 1668 2084 τοὺς
1687 2052 1735 2087 μὲν
1755 2060 1861 2078 καται-

1060 2101 1181 2136 γιδώδεις
1207 2099 1424 2136 προφυλάττεται
1456 2098 1629 2134 πόρῤωθενῆ
1649 2097 1774 2133 σχεδόθεν
1805 2098 1863 2125 Ξάν-

1059 2156 1110 2180 τας
1133 2147 1270 2179 πολλάκις,
1292 2146 1339 2173 καὶ
1357 2146 1419 2177 τοὺς
1438 2145 1585 2181 πλωτῆρας
1610 2143 1861 2180 προασφαλίζεται,

1061 2194 1107 2221 καὶ
1132 2193 1181 2230 τὴν
1198 2193 1249 2228 τῆς
1273 2193 1371 2228 άέλλης
1399 2191 1670 2228 προκαταλαμΜνων
1699 2191 1862 2226 ἔμπτωσιν,

219 2241 402 2272 vectoresque
418 2240 492 2265 tutos
507 2236 607 2269 reddit,
636 2237 754 2265 turbinis
771 2237 944 2265 incursiones
960 2244 1007 2264 an-

1061 2239 1184 2276 προχαλᾷ
1221 2240 1278 2271 τοῖς
1312 2239 1453 2275 προτόνοις
1486 2238 1518 2264 τὺ
1552 2238 1635 2264 ἱστίον
1667 2237 1713 2265 καὶ
1745 2238 1861 2274 ὑφίησι.

220 2284 329 2311 tevertit
341 2304 349 2316 ,
366 2283 530 2311 rudentibus
544 2283 602 2311 vela
618 2283 748 2311 subducit
762 2304 769 2316 ,
786 2287 869 2319 atque
884 2284 1008 2311 remittit.

255 2328 389 2357 Ceterum
405 2329 438 2356 ad
453 2329 587 2357 secundos
609 2333 705 2357 ventos
722 2330 836 2362 attollit,
847 2332 1011 2365 ‘rursusque

221 2375 295 2403 velut
310 2379 463 2410 opportune
477 2375 614 2410 aperiens,
631 2377 722 2403 navim
738 2376 816 2403 clavo
832 2376 944 2411 subigit,
960 2383 1010 2403 na-

219 2421 441 2456 vigationemque
467 2421 562 2448 carina
588 2423 659 2450 unda
683 2427 859 2458 personante,
875 2422 1011 2450 secundo-

219 2474 275 2495 aue
296 2466 325 2493 in
347 2466 459 2501 puppim
490 2472 571 2495 vento
601 2469 772 2499 exsuillante,
792 2469 870 2496 laetus
893 2469 1008 2503 perﬁcit.

221 2510 301 2544 Quod
314 2510 337 2538 si
350 2510 451 2538 alicubi
464 2513 617 2547 procellosa
640 2516 792 2548 tempestas
817 2514 937 2548 ingruat,
961 2521 1011 2541 na-

221 2557 277 2583 vim
289 2560 348 2583 arte
360 2557 476 2591 quadam
487 2559 620 2593 singulari
634 2560 803 2595 superiorem
815 2560 896 2588 undis
907 2561 1010 2588 consti-

222 2602 276 2629 tuit
286 2607 314 2629 et
329 2602 495 2630 incolumem
507 2609 608 2632 servat.
622 2605 656 2632 At
666 2606 689 2633 si
703 2605 813 2641 quando
823 2607 897 2634 venti
914 2606 1010 2634 rellare

222 2648 365 2681 desierint,
384 2648 492 2684 altaque
509 2652 695 2686 tranquillitas
720 2653 876 2680 universam
898 2652 1010 2680 sedave-

221 2703 258 2723 τιι
270 2697 471 2732 tempestatem,
488 2705 576 2732 neque
591 2698 628 2725 ita
644 2699 728 2733 quieti
750 2706 780 2726 se
797 2702 843 2725 aut
857 2699 948 2734 sopori
963 2699 1010 2727 de—

222 2739 272 2772 dit,
288 2742 336 2769 sed
350 2742 501 2777 remigibus
522 2742 611 2769 navim
634 2743 719 2770 remis
746 2743 872 2779 subigere
883 2744 1008 2778 imperat,

223 2791 401 2823 hortaturque
414 2788 526 2816 omnino
546 2789 659 2825 vigilare
671 2810 678 2822 ,
698 2793 728 2816 ut
743 2797 805 2816 cum
823 2790 945 2824 pericula
960 2798 1009 2817 na-

221 2837 345 2862 vngant‘es
357 2833 511 2869 cﬂ'ugerint,
525 2839 637 2870 peracta
653 2835 828 2871 navigatione
848 2843 910 2862 cum
934 2843 1009 2863 mer-

221 2877 299 2906 cibus
310 2883 420 2915 portum
446 2881 549 2910 intrare
563 2880 680 2910 feliciter
705 2883 823 2918 possint.
840 2881 899 2911 Non
929 2890 1009 2912 secus

1101 2331 1173 2367 Πρὸς
1189 2331 1217 2357 δὲ
1238 2331 1301 2362 τοὺς
1320 2331 1427 2367 οὐρίους
1445 2330 1627 2362 διανίσταται,
1651 2330 1697 2357 καὶ
1714 2329 1746 2356 τὸ
1765 2330 1865 2367 ἄρμε-

1060 2386 1104 2404 νον
1121 2376 1197 2408 αὖθις
1216 2377 1381 2408 ἐκπετάσας,
1405 2376 1523 2408 εὐθέτως
1545 2376 1720 2412 πηδαλιουχεῖ
1740 2375 1793 2410 τὴν
1814 2377 1866 2404 ολ-

1061 2421 1139 2453 κάδα,
1159 2422 1206 2448 καὶ
1225 2422 1271 2448 τὸν
1287 2421 1371 2447 πλοῦν
1395 2420 1578 2456 ἀγαλλόμενος
1597 2420 1710 2453 διανύει,
1737 2420 1787 2447 τοῦ
1808 2421 1865 2448 κύ-

1062 2477 1145 2504 ματος
1165 2467 1360 2504 περιηχοῦντος
1376 2468 1409 2502 τῇ
1420 2467 1536 2504 τρόπιδι,
1556 2467 1603 2494 καὶ
1621 2467 1667 2493 τοῦ
1687 2466 1772 2502 φοροῦ
1784 2468 1865 2495 κατὰ

1061 2514 1189 2550 πρύμνης
1209 2513 1350 2548 φυσῶντος
1369 2512 1534 2548 πνεύματος.
1560 2513 1592 2539 Εἰ
1615 2512 1643 2539 δέ
1671 2521 1721 2539 που
1742 2513 1791 2540 καὶ
1811 2523 1868 2541 κυ-

1062 2560 1187 2596 ματώδης
1206 2560 1384 2587 ἐπανίσταται
1402 2560 1480 2595 ζάλη,
1510 2559 1584 2585 ἐστιν
1608 2559 1652 2585 ὅτε
1669 2561 1703 2594 τῇ
1722 2561 1793 2595 σοφῇ
1816 2561 1868 2587 τέ-

1061 2614 1111 2642 χνῃ
1128 2606 1159 2632 τὺ
1179 2606 1283 2640 σκάφος
1301 2605 1393 2640 τίθησι
1409 2604 1464 2631 τῶν
1482 2604 1612 2639 κυμάτων
1637 2604 1788 2641 ἀνώτερον,
1813 2606 1865 2631 καὶ

1060 2652 1231 2687 ἀναυάγητον
1248 2651 1390 2683 διασώζει·
1412 2651 1458 2678 καὶ
1477 2650 1504 2677 εῐ
1519 2659 1584 2677 ποτε
1603 2650 1719 2685 νηνεμία
1739 2650 1789 2677 καὶ
1811 2660 1869 2685 γα-

1060 2698 1127 2733 λήνη
1148 2697 1242 2733 βαθεῖα
1270 2697 1400 2724 παντοίαν
1428 2697 1588 2724 κατευνάσοι
1614 2696 1775 2732 τρικυμίαν,
1804 2697 1869 2724 οὐδ’

1060 2744 1146 2776 οὕτως
1172 2745 1272 2781 ἠρεμεῖ
1303 2744 1351 2771 καὶ
1386 2743 1528 2775 καθεύδει,
1558 2742 1625 2770 ἀλλὰ
1652 2744 1710 2774 τοῖς
1745 2743 1865 2778 ἐρέταις

1060 2790 1232 2825 ἐγκελεύεται
1250 2790 1299 2825 τὴν
1318 2789 1384 2817 ναῦν
1414 2789 1536 2816 ἐλαύνειν
1560 2790 1617 2820 τοῖς
1643 2790 1785 2824 ἐρετμοῖς,
1813 2790 1863 2816 καὶ

1060 2838 1187 2872 παραινεῖ
1210 2837 1305 2872 νήφειν
1329 2836 1372 2863 διὰ
1400 2836 1518 2868 παντὸς,
1551 2835 1594 2862 ἵνα
1621 2835 1684 2866 τοὺς
1713 2836 1866 2867 κινδύνους

1059 2882 1218 2919 διαδράντας
1237 2883 1301 2915 τοὺς
1317 2881 1540 2918 ναυτιλλομένους
1558 2880 1606 2907 σὺν
1624 2880 1682 2911 τοῖς
1699 2880 1867 2917 ἀγωγίμοις
