1950 3065
118 136 167 164 645

607 133 694 162 νιίΑ,
713 133 877 157 Αυυιωιιι
893 133 1068 158 MthhAbhlL
1085 133 1252 160 bYIVGL‘LU.

1681 137 1734 166 διο

119 195 294 226 εὐπλοοῦντας
316 190 356 227 τῷ
380 190 470 227 λιμένι
496 190 706 227 προσορμίσειεν
719 198 726 206 ·
747 189 815 217 ἀλλά
845 189 897 225 μὴν

951 190 1031 218 etiam
1056 199 1089 219 ac
1113 193 1255 227 caprarius
1281 192 1382 229 aliquis
1411 192 1485 221 feras
1514 194 1683 230 perniciosas
1707 199 1736 223 et

120 242 240 276 καθάπερ
257 248 299 271 τις
317 238 426 269 αίπόλος
448 237 511 269 τοὺς
539 236 589 272 μὲν
612 235 793 271 λυμαντικοὺς
811 236 897 273 θῆρας

119 286 293 324 ἐφορμῶντας
312 285 422 320 αἰχμαῖς
439 283 545 319 ἀμύνει,
562 283 608 310 καὶ
626 282 765 319 σφενδόνῃ,
784 282 830 309 καὶ
848 292 898 310 κα-

119 334 247 370 λαύροπι,
275 331 320 358 καὶ
347 330 435 366 μέσων
454 329 557 356 νυκτῶν
574 330 598 355 εἰ
617 328 770 364 πειραθεῖεν
788 329 899 364 ἐπιδρα-

121 381 188 416 μεῖν,
206 378 330 414 λαμπάσι
345 376 392 403 καὶ
411 375 496 411 πυρὸς
515 375 649 406 ἀκοντίοις
666 374 828 401 δεδίττεται·
848 383 898 401 πε-

120 426 258 463 ριφρουρεῖ
274 424 302 450 δὲ
325 423 359 450 τὰ
388 422 512 458 πρόϐατα
539 421 627 457 πάντη
655 420 818 456 περιπολῶν,
844 420 899 447 τῶν

121 471 167 507 μὲν
185 469 354 508 φθοροποιῶν
371 468 417 495 καὶ
433 466 553 503 νοσερῶν
566 467 680 501 ἀπάγων
700 467 800 502 νομῶν,
816 467 861 494 ἐπὶ
871 467 899 493 δὲ

118 517 165 548 τὰς
185 515 363 551 ὀνησιφόρως
387 513 432 540 καί¹
451 512 597 544 καλλίστας
615 512 703 546 ἄγων·
731 511 777 538 καὶ
800 512 831 538 τὸ
850 512 899 547 μὲν

119 562 201 594 ἑστὼς
211 561 256 588 καὶ
265 559 348 595 ὑγιῶς
358 559 419 594 ἕχον
426 558 567 593 φυλάττων
576 558 676 590 ἀσινὲς,
688 557 718 584 τὸ
737 557 765 584 δὲ
785 566 896 585 πεπτω-

119 610 174 642 κὸς,
185 610 201 645 ἦ
211 608 363 644 νενοσηκὸς,
374 607 390 643 ἢ
400 607 579 642 τεθλασμένω
587 606 620 642 ,ἢ
631 606 898 642 τετραυματισμένον

118 655 247 692 ἀνορθῶν,
259 654 305 682 καὶ
324 654 522 690 περισφίγγων,
533 652 649 687 ἀλείφων
663 661 693 679 τε
710 651 756 679 καὶ
769 651 881 687 ἰώμενος
890 660 896 666 ·

118 702 244 733 πολλάκις
262 702 290 728 δὲ
307 700 354 727 καὶ
370 699 425 726 τῶν
442 699 545 735 ὀνύχων
563 699 609 726 καὶ
627 698 768 733 στομάτων
783 697 838 724 τῶν
849 698 899 733 ἀρ-

118 747 256 776 πακτικῶν
273 746 375 782 θηρίων
397 745 429 772 τὸ
456 745 579 781 ἀρπαγὲν
596 744 714 780 ὲμπνέον
730 744 770 770 ἔτι
788 743 834 771 καὶ
849 752 899 770 πε-

119 794 259 830 ρισπαῖρον
275 791 482 828 ἀποσπώμενος,
500 791 547 818 καὶ
565 789 763 825 ἀναζωπυρῶν,
783 790 829 816 καὶ
843 786 899 816 οἷον

118 841 149 866 ὲκ
167 839 281 866 Θανάτου
306 838 374 874 πρὸς
400 837 474 874 ζωὴν
492 835 675 872 ἀνακομίζων·
701 835 746 862 τὸν
767 835 848 862 αὐτὸν
865 835 898 872 δὴ

116 885 215 922 τρόπον
225 885 239 910 ό
249 883 402 918 σοφώτατος
422 883 592 919 κυϐερνήτης
608 879 695 914 οὗτος,
713 881 793 908 οἱονεὶ
806 881 898 908 πλοῖον

116 931 164 967 τὴν
189 931 336 966 νεόπηκτον
352 929 481 962 οίακίζειν
507 928 668 964 Ἐκκλησίαν
687 927 833 964 προαχθεὶς
844 948 852 960 ,
870 928 899 954 ἐν

119 978 192 1013 μέσῳ
211 977 344 1011 πελάγους
372 976 506 1007 κλύδωνος
531 974 698 1010 πανταχόθεν
720 973 898 1009 ὲπεγειρομέ-

118 1032 176 1056 νου,
202 1024 249 1050 καὶ
281 1023 398 1059 ποίμνης
431 1021 542 1057 λογικῆς
571 1020 710 1055 νεογενοῦς
740 1019 899 1048 ἐπιστασίαν

117 1069 326 1105 ἀμπιστευθεὶς,
353 1069 402 1104 τῆς
420 1067 613 1103 εἰδωλομανίας
639 1066 755 1103 ἰσχυρῶς
781 1068 898 1102 ἐπικρα-

115 1116 225 1151 τούσης,
242 1115 289 1142 τοῦ
308 1124 337 1142 τε
361 1115 492 1151 τυράννου
518 1114 565 1141 καὶ
590 1113 644 1140 τῶν
662 1113 709 1140 τοῦ
728 1113 828 1148 κόσμου
846 1121 899 1148 μα-

117 1161 198 1188 ταίων
218 1161 316 1196 σοφῶν,
343 1161 388 1188 καὶ
415 1161 555 1197 ῥητόρων,
581 1160 672 1197 θηρῶν
691 1159 899 1197 ’ἐμμανέστερον

117 1206 186 1233 κατά
202 1206 256 1232 τῶν
275 1205 303 1239 ἐξ
337 1206 482 1241 Ἰουδαϊκῆς
508 1205 637 1237 σκιώδους
661 1205 863 1241 νομολατρείας,
882 1203 898 1239 ἢ

116 1252 164 1287 τῆς
186 1252 343 1288 Ἑλληνικῆς
365 1252 458 1284 ἀθεῖας
480 1252 525 1278 ἐπὶ
541 1252 591 1287 τὴν
615 1252 655 1283 είς
671 1251 788 1287 Χριστὸν
812 1250 897 1286 εὐαγῆ

117 1298 206 1326 πίστιν
233 1297 466 1334 μεταφοιτώντων,
489 1297 666 1333 μαινομένων,
683 1295 898 1332 εὐδοκιμώτατος

115 1345 280 1381 προστάτης,
307 1344 353 1371 καὶ
369 1343 556 1379 γνησιώτατος
582 1343 629 1370 τοῦ
647 1342 766 1379 Χριστοῦ
785 1342 896 1379 ποιμὴν,

115 1389 227 1424 καὶτῆς
250 1388 432 1423 ἀποπολικῆς
458 1387 617 1424 προεδρείας
641 1386 679 1418 ὡς
695 1385 802 1422 ἀληθῶς
824 1385 898 1417 ἄξιος

115 1435 264 1470 ἀνεδείχθη,
291 1435 336 1461 τὸν
359 1434 499 1461 θεόλεκτον
523 1433 586 1460 λαὸν
612 1432 781 1469 κηδεμονικῷ
804 1440 835 1458 τε
851 1431 898 1458 καὶ

115 1480 292 1515 φιλαγρύπνῳ
309 1479 355 1506 καὶ
372 1478 512 1518 θαρσαλέῳ
528 1477 665 1514 περιέπων
675 1478 839 1513 φρονήματι,
851 1477 897 1504 καὶ

113 1525 164 1560 τὴν
189 1525 238 1560 μὲν
253 1525 307 1551 τῶν
326 1525 471 1560 προφανῶν
485 1524 535 1558 τῆς
552 1523 669 1554 πίστεως
684 1522 840 1558 ἀλλοτρίων,
851 1523 897 1549 καὶ

113 1571 162 1598 τοῦ
179 1571 249 1598 θείου
266 1571 442 1607 κηρύγματος
467 1570 594 1597 ἐναντίων
619 1568 786 1601 λυσσωδίαν,
811 1569 845 1604 τῇ
868 1577 900 1596 τε

113 1617 170 1644 τῶν
193 1616 393 1653 καθαρωτάτων
410 1616 455 1642 καλ⁹
474 1615 719 1651 εὐπαρρησιάστων
741 1613 901 1650 προσευχῶν

113 1662 232 1698 εὐτονίᾳ,
250 1662 295 1689 καὶ
311 1663 370 1693 ταῖς
386 1662 440 1688 τῶν
455 1662 536 1688 ὁσίων
560 1660 658 1697 χειρῶν
675 1660 743 1697 πρὸς
758 1660 805 1686 τὸν
823 1660 901 1687 δυνά-

116 1716 196 1744 μενον
221 1708 329 1745 θραύειν
355 1707 440 1743 αὐτὴν
466 1707 532 1734 Θεὸν
564 1706 692 1733 ὲκτάσεσι
716 1706 762 1733 καὶ
779 1706 900 1733 ὲκτενέσι

112 1753 237 1789 δεήσεσιν
261 1754 492 1790 ἀποτρεπόμενος.

152 1799 208 1835 Τὴν
223 1799 251 1826 δὲ
266 1799 320 1825 τῶν
345 1799 518 1835 προσχήματι
549 1797 597 1832 μὲν
619 1796 735 1828 οἰκείων,
752 1795 856 1832 ἐχθρῶν
872 1795 900 1822 δὲ

113 1846 253 1873 κακίστων
268 1845 344 1872 οὐδὲν
360 1846 471 1880 ἄμεινον
499 1843 685 1878 διακειμένων,
703 1843 748 1869 καὶ
764 1842 900 1878 προϐάτου

115 1892 165 1927 μὲν
181 1891 261 1928 δορὰν
277 1891 386 1918 ἔκτοθεν
415 1889 662 1926 περιϐεϐλημένων,
689 1888 746 1921 ἕξιν
760 1889 787 1915 δὲ
807 1888 899 1920 λύκου,

113 1937 163 1964 καὶ
189 1937 300 1972 γνώμην
335 1936 439 1963 ἔνδοθεν
469 1935 715 1971 βυσσοδομούντων,
745 1934 901 1970 εὐφώρατον

114 1984 184 2010 πᾶσι
199 1983 284 2014 τιθεὶς
299 1982 486 2018 κακορῤαφίαν
501 1990 531 2008 τε
549 1982 594 2008 καὶ
604 1981 753 2017 δολιότητα.
772 1981 827 2012 Τὰς
843 1980 901 2016 μέν·

113 2038 158 2056 τοι
173 2029 227 2055 τῶν
242 2029 374 2064 σοφιστῶν
391 2029 437 2055 καὶ
454 2028 576 2064 ρητόρων
594 2027 649 2054 τῶν
664 2027 734 2054 κατά
747 2026 794 2054 τοῦ
813 2034 900 2062 σωτη-

117 2075 175 2112 ρίου
192 2075 323 2110 δόγματος
347 2074 540 2110 σοφιζομένων,
557 2074 603 2100 καὶ
618 2073 798 2105 διαλεκτικαῐς
824 2073 902 2109 μεθό-

113 2122 181 2153 δοις,
200 2122 369 2156 σοφιστικαῖς
379 2129 410 2147 τε
434 2121 481 2147 καὶ
508 2121 665 2156 ῥητορικαίς
679 2119 811 2156 δεινότησι
828 2129 899 2156 χρω-

117 2167 218 2203 μένων,
236 2168 390 2203 προτάσεις,
406 2167 544 2199 ἐνστάσεις
559 2175 588 2193 τε
606 2167 653 2193 καὶ
668 2167 817 2199 ἀντιθέσεις
833 2167 900 2203 ἀρά-

948 241 1117 271 grassantes,
1132 239 1257 273 cuspide,
1272 239 1367 272 funda,
1386 239 1517 276 virgaque
1533 241 1662 276 pastorali
1687 249 1734 268 ar-

949 290 1025 315 cens,
1038 284 1061 311 si
1072 283 1168 311 mediis
1180 285 1307 313 noctibus
1320 285 1492 314 incursiones
1503 286 1593 314 facere
1617 291 1734 321 tentent,

949 329 1054 358 facibus
1065 330 1181 366 telisque
1194 331 1279 366 igneis
1302 332 1418 363 territat,
1434 333 1554 360 custodit
1566 337 1656 360 autem
1670 342 1736 363 oves

950 375 1050 410 ubique
1059 375 1222 407 obcrrando.
1232 376 1293 404 illas
1304 384 1318 404 a
1333 378 1422 405 noxiis
1434 379 1545 413 pascuis
1557 379 1734 413 submovens,

948 424 976 448 et
985 419 1099 448 utilibus
1113 425 1194 456 atque
1208 422 1402 450 amaanissimis
1424 424 1557 452 inducens
1571 434 1578 453 :
1596 426 1668 460 quod
1689 426 1737 453 lir-

949 474 1024 494 mum
1046 471 1088 495 est
1112 471 1193 502 atque
1218 475 1327 500 sanum,
1350 474 1495 496 conservat
1518 470 1664 504 incolume,
1678 473 1737 500 col-

949 513 1055 548 lapsum
1066 522 1141 547 vero,
1154 518 1181 541 et
1193 518 1339 549 mgrotans,
1357 519 1404 542 aut
1417 515 1534 542 fractum
1551 520 1597 544 aut
1608 518 1737 546 vulnera-

949 564 1007 588 tum
1022 560 1127 595 dirigit,
1142 560 1316 595 constringit,
1339 561 1417 595 ungit
1439 565 1465 588 et
1478 567 1597 596 reparat.
1610 562 1736 592 Plerum-

949 614 1002 641 que
1020 606 1093 633 enim
1119 607 1153 634 ah
1174 606 1313 641 unguibus
1324 610 1352 633 et
1378 614 1425 634 ore
1438 606 1557 634 ferarum
1582 610 1734 644 rapacium,

950 651 1023 687 quod
1047 655 1155 687 raptum
1181 657 1235 684 est,
1263 659 1351 686 neque
1365 652 1475 686 penitus
1488 659 1531 681 est
1553 659 1735 690 peremptum,

950 699 998 727 sed
1014 698 1103 726 adhuc
1130 699 1216 734 spirat
1245 703 1272 726 et
1288 699 1412 734 palpitat,
1438 699 1540 732 avellit,
1564 705 1684 733 recreat,
1709 706 1736 730 et

950 751 1079 781 tanquam
1095 746 1130 773 de
1154 750 1244 774 morte
1267 745 1301 773 ad
1316 746 1401 774 vitam
1432 750 1552 774 revocat.
1576 745 1633 775 Hoc
1655 747 1737 775 modo

950 791 1173 827 sapientissimus
1188 790 1239 818 iste
1261 790 1427 825 gubernator
1442 791 1592 819 Ecclesiam
1614 797 1644 819 ut
1659 792 1737 820 navi-

950 838 1024 872 gium
1038 845 1126 872 nuper
1141 842 1312 872 compactum
1324 837 1351 864 in
1362 837 1451 865 medio
1464 838 1532 865 mari
1547 837 1674 866 fluctibus
1687 846 1738 866 un-

949 882 1031 918 dique
1048 882 1240 918 ingruentibus
1251 889 1346 917 regere
1360 890 1505 918 aggressus
1518 887 1577 917 est,
1601 889 1628 912 et
1645 885 1736 920 gregis

948 936 1036 964 nuper
1055 929 1111 956 nati
1133 929 1179 963 qui
1205 936 1319 963 compos
1345 932 1388 956 e’st
1403 929 1529 961 rationis,
1545 930 1736 964 praefecturam

948 975 1043 1010 gessit.
1081 974 1299 1002 Simulacrorum
1328 975 1393 1002 item
1425 975 1533 1003 insania
1559 975 1737 1005 vehementer

949 1020 1164 1056 ingravescente,
1180 1027 1243 1047 cum
1266 1020 1385 1056 tyranni,
1404 1024 1462 1047 tum
1476 1021 1624 1048 stultorum
1640 1021 1736 1050 mundi

949 1066 1115 1101 sapientum.
1139 1073 1171 1093 ac
1196 1066 1347 1099 rhetorum,
1373 1067 1419 1102 qui
1444 1071 1541 1095 contra
1561 1075 1609 1096 eos
1633 1067 1738 1104 (quiex

949 1111 1062 1139 Iudaica
1079 1115 1107 1139 et
1118 1112 1260 1139 umbratili
1281 1112 1351 1148 legis
1371 1113 1573 1145 observatione,
1588 1114 1738 1149 gentilique

948 1157 1099 1192 impietate,
1122 1156 1157 1183 ad
1184 1161 1307 1184 sanctam
1327 1157 1429 1185 Christi
1460 1157 1541 1185 ﬁdem
1564 1159 1737 1194 trasplantati

948 1203 1024 1238 sunt)
1041 1203 1179 1231 crudelius
1201 1210 1284 1238 quam
1313 1202 1377 1231 ferae
1399 1203 1568 1238 desaeviunt,
1592 1205 1738 1240 praefectus

948 1250 1030 1285 377
1056 1250 1284 1282 landatissimus,
1318 1253 1345 1278 et
1374 1251 1603 1286 generosissimus
1633 1251 1737 1280 Christi

948 1300 1053 1330 pastor.
1072 1298 1099 1323 et
1128 1295 1281 1331 apostolica
1309 1296 1472 1331 praefectura
1502 1305 1568 1325 sane
1597 1304 1679 1332 quam
1696 1297 1740 1326 di-

951 1349 1021 1377 gnus
1050 1341 1205 1369 declaratus
1233 1344 1294 1373 est.
1327 1344 1354 1369 et
1384 1342 1501 1369 electum
1531 1341 1579 1370 Dei
1608 1344 1737 1379 populum

953 1387 1118 1423 perspicaci,
1144 1387 1219 1422 vigili
1238 1394 1270 1414 ac
1290 1387 1428 1422 intrepido
1445 1387 1537 1414 animo
1557 1388 1636 1420 rexit,
1656 1393 1683 1416 et
1702 1389 1741 1417 fe-

948 1433 1056 1461 ritatem
1082 1440 1177 1461 eorum
1209 1433 1255 1468 qui
1274 1432 1383 1468 profani
1407 1436 1434 1460 et
1454 1433 1534 1461 alieni
1558 1441 1573 1460 a
1599 1433 1651 1462 fide
1669 1442 1740 1470 pra:-

950 1480 1082 1508 dicationi
1111 1479 1302 1512 adversantur,
1330 1479 1541 1515 purissimarum
1561 1488 1673 1516 precum
1693 1489 1740 1510 eeo

950 1526 1088 1559 lebritate,
1108 1533 1140 1553 ac
1159 1525 1288 1561 loquendi
1308 1525 1670 1561 libertate,‘sanctarumque
1681 1534 1739 1554 ma-

952 1581 1038 1601 nuum
1058 1573 1228 1604 extensione.
1249 1579 1301 1600 nec
1320 1580 1375 1599 non
1403 1571 1523 1600 assiduis
1550 1579 1615 1608 erga
1641 1571 1738 1607 Deum,

950 1620 998 1655 qui
1015 1618 1102 1655 ipsam
1123 1619 1251 1654 frangere
1270 1617 1407 1646 feritatem
1437 1621 1538 1653 potest,
1558 1617 1739 1654 supplicatio-

950 1667 1032 1694 nibus
1051 1666 1238 1693 commutavit.

985 1798 1071 1826 Porro
1085 1805 1180 1826 eorum
1196 1797 1243 1833 qui
1266 1797 1415 1824 amicitiam
1436 1799 1600 1832 praetexunt.
1616 1803 1679 1822 cum
1694 1795 1739 1822 ni-

951 1845 1007 1872 hilo
1031 1852 1092 1872 sese
1117 1844 1246 1880 pessimis
1278 1843 1403 1871 hostibus
1430 1843 1529 1870 melius
1557 1842 1686 1879 habeant,
1710 1845 1739 1868 et

951 1891 1043 1920 ovium
1057 1891 1166 1927 quidem
1183 1890 1280 1926 pellem
1295 1890 1427 1921 exterius,
1456 1889 1511 1923 lupi
1526 1895 1592 1916 vero
1613 1887 1738 1915 habitum

951 1937 1067 1965 interius
1084 1935 1276 1964 circumcincti
1298 1936 1414 1963 insidias
1432 1935 1524 1963 animo
1537 1937 1658 1966 struunt,
1676 1941 1738 1969 per‘

951 1983 1076 2018 spicuum
1092 1982 1221 2010 omnibus
1236 1981 1328 2008 dolum
1341 1985 1368 2008 et
1383 1980 1506 2008 fraudem
1520 1980 1595 2008 fecit.
1609 1979 1738 2014 Proposi-

951 2029 1040 2056 tiones
1054 2036 1130 2061 vero,
1149 2027 1315 2055 intentiones
1335 2034 1367 2053 ac
1384 2026 1571 2062 oppositiones
1597 2026 1738 2061 sophista-

951 2083 1012 2102 rum
1026 2075 1219 2109 rhetorumque
1231 2077 1326 2102 contra
1342 2072 1495 2101 Servatoris
1510 2071 1663 2099 doctrinam
1678 2072 1737 2099 dis-

952 2120 1113 2152 serentium,
1130 2128 1162 2148 ac
1177 2120 1326 2147 dialecticis
1349 2119 1458 2146 dicendi
1474 2118 1626 2145 rationibus
1644 2117 1739 2152 sophi-

952 2166 1083 2201 sticisque
1105 2173 1137 2194 ac
1162 2165 1308 2193 rhetoricis
1328 2165 1497 2200 argumentis
1516 2163 1661 2196 utentium,
1676 2170 1739 2190 ara-

114 2221 184 2248 χνης
216 2213 288 2239 ἱστὸν
313 2212 467 2240 εὐδιάλυτον
500 2214 593 2248 ἡγεῖτο
623 2212 670 2239 καὶ
694 2213 898 2247 εὐδιάθρυπτον,

952 2220 1011 2240 neat
1028 2213 1121 2244 telam,
1146 2219 1207 2247 qua:
1234 2211 1348 2239 dissolvi
1371 2218 1403 2238 ac
1432 2209 1521 2245 frangi
1541 2209 1620 2237 facile
1637 2208 1737 2244 possit,

114 2259 204 2294 ῥᾷστα
233 2258 441 2296 διασπαράττων
458 2259 504 2285 καὶ
522 2259 636 2285 διαλύων
664 2259 768 2285 ἕκαστα
782 2258 816 2285 τὰ
833 2259 900 2294 πρὸς

113 2303 206 2330 αὐτῶν
231 2303 358 2338 κλεψίνοα
375 2303 579 2339 σοφιστεύματά
593 2313 623 2330 τε
641 2304 687 2330 καὶ
703 2303 881 2339 προϐλήματα
892 2312 898 2318 ·

113 2348 183 2376 ἀλλὰ
202 2348 252 2385 μὴν
263 2349 330 2384 προς
345 2350 407 2381 τοὺς
423 2349 570 2384 πολεμίους
585 2348 635 2384 τῆς
645 2348 768 2385 ἀτραποῦ
785 2349 835 2384 τῆς
853 2358 901 2375 σω-

111 2394 212 2430 τηρίας
244 2394 400 2430 ἐγρηγορὼς
429 2393 551 2425 διετέλει,
568 2395 602 2429 τῇ
627 2393 823 2429 παντοδυνάμῳ
853 2393 900 2420 τοῦ

111 2440 184 2468 Θεοῦ
202 2440 248 2466 καὶ
273 2440 403 2475 βασιλέως
418 2439 496 2475 ήμῶν
513 2439 630 2475 Χριστοῦ
646 2440 798 2475 δυναστείᾳ,
815 2449 901 2467 κατα-

113 2485 233 2513 στέλλων
258 2484 348 2512 αὐτῶν
373 2485 403 2511 τὸ
429 2485 569 2520 φρύαγμα,
596 2485 642 2512 καὶ
663 2485 714 2520 τὴν
728 2484 902 2520 ψευδώνυμον

110 2532 217 2563 γνῶσιν
232 2530 384 2566 διελέγχων.
398 2531 452 2557 Καὶ
468 2531 531 2566 περὶ
545 2530 642 2557 πολλοῦ
660 2530 709 2565 μὲν
719 2531 835 2557 ἐποιεῖτο
847 2531 902 2558 τῶν

113 2577 344 2615 μαθητευομένων
362 2576 457 2612 ψυχῶν
473 2576 624 2611 ἐξαλείφειν
644 2576 679 2602 τὰ
698 2576 792 2611 πρῴην
809 2576 902 2609 κακῶς

110 2624 318 2660 ἐνσημανθέντα
333 2624 382 2659 τῆς
397 2623 539 2658 ἀθεότητος
558 2623 605 2649 καὶ
622 2622 784 2658 βδελυγμίας
797 2624 902 2658 χαράγ-

110 2679 207 2707 ματα’
225 2670 424 2706 μετεγγράφειν
448 2669 477 2696 δὲ
493 2669 529 2695 τά
552 2669 601 2704 τῆς
624 2668 778 2700 θεοσεϐείας
794 2670 842 2696 καὶ
853 2670 902 2705 τῆς

107 2716 303 2752 ὑπερκοσμίου
321 2716 414 2750 σοφίας
426 2715 588 2750 διδάγματα.
603 2715 649 2751 Μὴ
660 2715 722 2747 τοὺς
735 2716 857 2751 καρποὺς
873 2716 902 2742 δὲ

105 2761 352 2798 τῶνᾶπαρεδίδου
380 2762 426 2788 κα)⁵
449 2761 618 2794 ἔξεδίδασκεν
648 2761 783 2795 ἀπαιτεῖν,
806 2762 844 2794 ὡς
869 2762 903 2789 ἂν

105 2806 221 2842 οἰηθείη
235 2815 286 2838 τις,
298 2806 407 2842 ήμέλειε
430 2805 460 2832 οὺ
476 2806 526 2842 μὲν
547 2803 603 2836 οὖν,
619 2805 685 2832 ἀλλά
700 2806 761 2841 δίχα
777 2806 903 2842 πράξεων

106 2854 164 2884 τὰς
176 2852 230 2879 τῶν
244 2852 322 2880 θείων
337 2853 423 2887 λόγων
451 2853 564 2888 μυήσεις
584 2852 758 2888 ὑπαρχούσας
774 2853 900 2889 δένδροις,

951 2259 1136 2291 existimabat,
1153 2261 1180 2285 et
1195 2265 1290 2285 eorum
1315 2256 1422 2290 noxias,
1435 2256 1624 2284 cavillationes
1655 2259 1738 2290 atque

951 2304 1119 2340 problemata
1151 2303 1258 2338 singula
1283 2303 1461 2333 dilacerabat,
1487 2305 1513 2330 et
1537 2301 1666 2329 facillime
1679 2300 1738 2329 dis-

952 2349 1084 2378 solvebat.
1100 2348 1172 2381 Quin
1186 2349 1267 2376 etiam
1283 2349 1415 2376 adversus
1432 2349 1494 2375 vitae
1510 2347 1607 2375 salutis
1632 2347 1736 2379 hostes,

951 2395 1000 2423 Dei
1010 2398 1037 2422 et
1056 2395 1128 2430 regis
1143 2394 1230 2421 nostri
1241 2393 1344 2421 Christi
1353 2394 1484 2430 potentia,
1501 2402 1561 2430 quae
1577 2394 1667 2421 omnia
1688 2401 1739 2429 po-

952 2445 1016 2473 test,
1031 2440 1149 2475 vigilans
1157 2440 1334 2475 perdurabat,
1351 2440 1477 2469 fremitus
1495 2441 1603 2468 illorum
1618 2440 1738 2476 compri—

952 2494 1041 2517 mens,
1054 2489 1081 2513 et
1096 2484 1158 2512 falsi
1174 2485 1294 2513 nominis
1321 2486 1465 2513 scientiam
1484 2486 1621 2514 refellens.
1648 2485 1738 2521 Atque

953 2531 1064 2559 maximi
1088 2531 1200 2566 quidem
1225 2531 1329 2559 referre
1354 2531 1537 2565 existimabat,
1555 2532 1579 2560 si
1594 2532 1737 2559 cicatrices

953 2578 1100 2613 impietatis
1121 2581 1148 2605 et
1163 2577 1388 2611 abominationis,
1411 2586 1471 2613 quae
1487 2585 1631 2614 perperam
1656 2581 1736 2605 antea

953 2624 1052 2651 inusta:
1065 2623 1184 2655 fuerant,
1207 2630 1222 2650 a
1236 2623 1433 2658 discipulorum
1451 2624 1550 2651 animis
1566 2623 1698 2653 aboleret,
1711 2628 1738 2650 et

953 2669 1052 2697 divina:
1066 2668 1188 2704 pietatis,
1212 2669 1386 2705 cwlcstisque
1401 2670 1542 2705 sapientia:
1558 2672 1692 2704 praecepta
1704 2667 1735 2694 il-

953 2715 1040 2743 larum
1053 2716 1113 2744 loco
1125 2716 1303 2752 imprimeret.
1317 2716 1410 2752 Neque
1422 2723 1486 2743 vero
1499 2723 1592 2743 eorum
1607 2721 1667 2749 qua:
1679 2717 1738 2741 tra-

953 2761 1061 2789 diderat
1075 2766 1158 2797 atque
1181 2762 1322 2794 docuerat,
1348 2762 1456 2789 fructus
1471 2760 1513 2797 (ut
1528 2760 1627 2795 aliquis
1638 2758 1737 2787 existi-

954 2815 1029 2836 mare
1052 2811 1158 2843 posset)
1184 2812 1308 2843 repetere
1330 2807 1498 2843 negligebat;
1523 2805 1636 2833 minime
1659 2812 1735 2836 vero,

955 2854 1021 2890 quin
1037 2854 1192 2883 divinorum
1216 2861 1373 2883 sermonum
1395 2852 1535 2888 mysteria,
1551 2859 1611 2888 quae
1622 2859 1677 2880 non
1693 2859 1738 2880 rev
