  <div class='ocr_page' id='page_1' title='image "/cluster/home/n/w/nwhite01/storage/ocr_20150623/4/njp.32101010944526/331.png"; bbox 0 0 1950 3065; ppageno 0'>
   <div class='ocr_carea' id='block_1_1' title="bbox 218 143 272 172">
    <p class='ocr_par' dir='ltr' id='par_1_1' title="bbox 218 143 272 172">
     <span class='ocr_line' id='line_1_1' title="bbox 218 143 272 172; baseline 0 0"><span class='ocrx_word' id='word_1_1' title='bbox 218 143 272 172; x_wconf 67' lang='grc' dir='ltr'>διδ</span> 
     </span>
    </p>
   </div>
   <div class='ocr_carea' id='block_1_2' title="bbox 811 142 1255 171">
    <p class='ocr_par' dir='ltr' id='par_1_2' title="bbox 811 142 1255 171">
     <span class='ocr_line' id='line_1_2' title="bbox 811 142 1255 171; baseline 0 -1"><span class='ocrx_word' id='word_1_2' title='bbox 811 142 838 170; x_wconf 89' lang='lat' dir='ltr'><strong>S.</strong></span> <span class='ocrx_word' id='word_1_3' title='bbox 857 142 1007 171; x_wconf 81' lang='lat' dir='ltr'><strong>DIONYSII</strong></span> <span class='ocrx_word' id='word_1_4' title='bbox 1024 142 1255 170; x_wconf 69' lang='lat' dir='ltr'><strong>AREOPAGITIE</strong></span> 
     </span>
    </p>
   </div>
   <div class='ocr_carea' id='block_1_3' title="bbox 1797 143 1847 170">
    <p class='ocr_par' dir='ltr' id='par_1_3' title="bbox 1797 143 1847 170">
     <span class='ocr_line' id='line_1_3' title="bbox 1797 143 1847 170; baseline -0.02 0"><span class='ocrx_word' id='word_1_5' title='bbox 1797 143 1847 170; x_wconf 70' lang='lat' dir='ltr'><strong>6M</strong></span> 
     </span>
    </p>
   </div>
   <div class='ocr_carea' id='block_1_4' title="bbox 217 201 1009 239">
    <p class='ocr_par' dir='ltr' id='par_1_4' title="bbox 217 201 1005 238">
     <span class='ocr_line' id='line_1_4' title="bbox 217 201 1005 238; baseline 0 -8"><span class='ocrx_word' id='word_1_6' title='bbox 217 202 435 238; x_wconf 79' lang='lat' dir='ltr'><strong>speculationem</strong></span> <span class='ocrx_word' id='word_1_7' title='bbox 463 201 499 230; x_wconf 87' lang='lat' dir='ltr'><strong>de</strong></span> <span class='ocrx_word' id='word_1_8' title='bbox 526 201 619 230; x_wconf 87' lang='lat' dir='ltr'><strong>divina</strong></span> <span class='ocrx_word' id='word_1_9' title='bbox 645 202 778 236; x_wconf 74' lang='lat' dir='ltr'><strong>unguenti</strong></span> <span class='ocrx_word' id='word_1_10' title='bbox 797 202 1005 230; x_wconf 84' lang='lat' dir='ltr'><strong>consecratione</strong></span> 
     </span>
    </p>
   </div>
   <div class='ocr_carea' id='block_1_5' title="bbox 1060 201 1849 239">
    <p class='ocr_par' dir='ltr' id='par_1_5' title="bbox 1060 201 1849 239">
     <span class='ocr_line' id='line_1_5' title="bbox 1060 201 1849 239; baseline -0.001 -10"><span class='ocrx_word' id='word_1_11' title='bbox 1060 202 1101 238; x_wconf 78' lang='grc' dir='ltr'><strong>λίᾳ</strong></span> <span class='ocrx_word' id='word_1_12' title='bbox 1116 202 1167 238; x_wconf 82' lang='grc' dir='ltr'>τὴν</span> <span class='ocrx_word' id='word_1_13' title='bbox 1183 202 1247 239; x_wconf 81' lang='grc' dir='ltr'>περὶ</span> <span class='ocrx_word' id='word_1_14' title='bbox 1263 202 1313 237; x_wconf 85' lang='grc' dir='ltr'>τῆς</span> <span class='ocrx_word' id='word_1_15' title='bbox 1329 201 1404 234; x_wconf 82' lang='grc' dir='ltr'><strong>θείας</strong></span> <span class='ocrx_word' id='word_1_16' title='bbox 1419 201 1467 229; x_wconf 80' lang='grc' dir='ltr'><strong>τοῦ</strong></span> <span class='ocrx_word' id='word_1_17' title='bbox 1480 201 1564 238; x_wconf 81' lang='grc' dir='ltr'><strong>μύρου</strong></span> <span class='ocrx_word' id='word_1_18' title='bbox 1580 201 1693 238; x_wconf 86' lang='grc' dir='ltr'>τελετῆς</span> <span class='ocrx_word' id='word_1_19' title='bbox 1708 201 1849 229; x_wconf 60' lang='grc' dir='ltr'>ἀναπτύσι</span> 
     </span>
    </p>
   </div>
   <div class='ocr_carea' id='block_1_6' title="bbox 216 247 1008 284">
    <p class='ocr_par' dir='ltr' id='par_1_6' title="bbox 216 247 1008 284">
     <span class='ocr_line' id='line_1_6' title="bbox 216 247 1008 284; baseline -0.003 -8"><span class='ocrx_word' id='word_1_20' title='bbox 216 249 370 284; x_wconf 79' lang='lat' dir='ltr'><strong>explicans,</strong></span> <span class='ocrx_word' id='word_1_21' title='bbox 382 248 436 275; x_wconf 87' lang='lat' dir='ltr'><strong>ait:</strong></span> <span class='ocrx_word' id='word_1_22' title='bbox 449 257 459 274; x_wconf 79' lang='grc' dir='ltr'><strong>ι</strong></span> <span class='ocrx_word' id='word_1_23' title='bbox 469 247 529 275; x_wconf 89' lang='lat' dir='ltr'><strong>Non</strong></span> <span class='ocrx_word' id='word_1_24' title='bbox 541 247 624 284; x_wconf 93' lang='lat' dir='ltr'><strong>igitur</strong></span> <span class='ocrx_word' id='word_1_25' title='bbox 636 247 840 275; x_wconf 90' lang='lat' dir='ltr'><strong>sacratissimus</strong></span> <span class='ocrx_word' id='word_1_26' title='bbox 853 247 1008 274; x_wconf 89' lang='lat' dir='ltr'><strong>divinarum</strong></span> 
     </span>
    </p>
   </div>
   <div class='ocr_carea' id='block_1_7' title="bbox 218 293 1007 329">
    <p class='ocr_par' dir='ltr' id='par_1_7' title="bbox 218 293 1007 329">
     <span class='ocr_line' id='line_1_7' title="bbox 218 293 1007 329; baseline -0.004 -6"><span class='ocrx_word' id='word_1_27' title='bbox 218 294 436 323; x_wconf 88' lang='lat' dir='ltr'><strong>substantiarum</strong></span> <span class='ocrx_word' id='word_1_28' title='bbox 453 294 521 321; x_wconf 84' lang='lat' dir='ltr'><strong>ordo</strong></span> <span class='ocrx_word' id='word_1_29' title='bbox 536 293 684 329; x_wconf 71' lang='lat' dir='ltr'><strong>ignoravit,</strong></span> <span class='ocrx_word' id='word_1_30' title='bbox 704 293 798 322; x_wconf 86' lang='lat' dir='ltr'><strong>Jesum</strong></span> <span class='ocrx_word' id='word_1_31' title='bbox 819 293 902 322; x_wconf 90' lang='lat' dir='ltr'><strong>Deum</strong></span> <span class='ocrx_word' id='word_1_32' title='bbox 918 294 1007 321; x_wconf 76' lang='lat' dir='ltr'><strong>maxi-</strong></span> 
     </span>
    </p>
   </div>
   <div class='ocr_carea' id='block_1_8' title="bbox 218 339 1007 372">
    <p class='ocr_par' dir='ltr' id='par_1_8' title="bbox 218 339 1007 372">
     <span class='ocr_line' id='line_1_8' title="bbox 218 339 1007 372; baseline -0.003 -4"><span class='ocrx_word' id='word_1_33' title='bbox 218 349 294 368; x_wconf 90' lang='lat' dir='ltr'><strong>mum</strong></span> <span class='ocrx_word' id='word_1_34' title='bbox 306 348 321 368; x_wconf 90' lang='lat' dir='ltr'><strong>e</strong></span> <span class='ocrx_word' id='word_1_35' title='bbox 334 340 414 367; x_wconf 65' lang='lat' dir='ltr'><strong>curiis</strong></span> <span class='ocrx_word' id='word_1_36' title='bbox 428 343 457 367; x_wconf 93' lang='lat' dir='ltr'><strong>ut</strong></span> <span class='ocrx_word' id='word_1_37' title='bbox 470 340 690 367; x_wconf 86' lang='lat' dir='ltr'><strong>sanctiﬁcaretur</strong></span> <span class='ocrx_word' id='word_1_38' title='bbox 702 339 891 372; x_wconf 85' lang='lat' dir='ltr'><strong>descendisse,</strong></span> <span class='ocrx_word' id='word_1_39' title='bbox 910 347 1007 367; x_wconf 90' lang='lat' dir='ltr'><strong>verum</strong></span> 
     </span>
    </p>
   </div>
   <div class='ocr_carea' id='block_1_9' title="bbox 220 385 1009 414">
    <p class='ocr_par' dir='ltr' id='par_1_9' title="bbox 220 385 1009 414">
     <span class='ocr_line' id='line_1_9' title="bbox 220 385 1009 414; baseline -0.001 0"><span class='ocrx_word' id='word_1_40' title='bbox 220 387 254 414; x_wconf 89' lang='lat' dir='ltr'><strong>ad</strong></span> <span class='ocrx_word' id='word_1_41' title='bbox 271 387 419 414; x_wconf 81' lang='lat' dir='ltr'><strong>humanam</strong></span> <span class='ocrx_word' id='word_1_42' title='bbox 435 390 562 412; x_wconf 86' lang='lat' dir='ltr'><strong>naturam</strong></span> <span class='ocrx_word' id='word_1_43' title='bbox 582 393 642 413; x_wconf 88' lang='lat' dir='ltr'><strong>sese</strong></span> <span class='ocrx_word' id='word_1_44' title='bbox 658 385 694 412; x_wconf 93' lang='lat' dir='ltr'><strong>ob</strong></span> <span class='ocrx_word' id='word_1_45' title='bbox 705 385 827 413; x_wconf 85' lang='lat' dir='ltr'><strong>divinam</strong></span> <span class='ocrx_word' id='word_1_46' title='bbox 839 393 871 413; x_wconf 87' lang='lat' dir='ltr'><strong>ac</strong></span> <span class='ocrx_word' id='word_1_47' title='bbox 886 385 1009 413; x_wconf 79' lang='lat' dir='ltr'><strong>ineﬁ&#39;abi—</strong></span> 
     </span>
    </p>
   </div>
   <div class='ocr_carea' id='block_1_10' title="bbox 219 432 1009 468">
    <p class='ocr_par' dir='ltr' id='par_1_10' title="bbox 219 432 1009 468">
     <span class='ocr_line' id='line_1_10' title="bbox 219 432 1009 468; baseline -0.001 -8"><span class='ocrx_word' id='word_1_48' title='bbox 219 433 273 461; x_wconf 92' lang='lat' dir='ltr'><strong>lem</strong></span> <span class='ocrx_word' id='word_1_49' title='bbox 288 434 349 467; x_wconf 87' lang='lat' dir='ltr'><strong>ejus</strong></span> <span class='ocrx_word' id='word_1_50' title='bbox 364 432 562 467; x_wconf 74' lang='lat' dir='ltr'><strong>benignitatem</strong></span> <span class='ocrx_word' id='word_1_51' title='bbox 587 436 681 460; x_wconf 81' lang='lat' dir='ltr'><strong>sancte</strong></span> <span class='ocrx_word' id='word_1_52' title='bbox 698 432 842 467; x_wconf 86' lang='lat' dir='ltr'><strong>dejeeisse,</strong></span> <span class='ocrx_word' id='word_1_53' title='bbox 863 433 951 468; x_wconf 92' lang='lat' dir='ltr'><strong>ipsum</strong></span> <span class='ocrx_word' id='word_1_54' title='bbox 966 432 1009 459; x_wconf 88' lang='lat' dir='ltr'><strong>in-</strong></span> 
     </span>
    </p>
   </div>
   <div class='ocr_carea' id='block_1_11' title="bbox 218 477 1006 514">
    <p class='ocr_par' dir='ltr' id='par_1_11' title="bbox 218 477 1006 514">
     <span class='ocr_line' id='line_1_11' title="bbox 218 477 1006 514; baseline -0.003 -7"><span class='ocrx_word' id='word_1_55' title='bbox 218 480 328 514; x_wconf 81' lang='lat' dir='ltr'><strong>telligit,</strong></span> <span class='ocrx_word' id='word_1_56' title='bbox 353 482 380 505; x_wconf 91' lang='lat' dir='ltr'><strong>et</strong></span> <span class='ocrx_word' id='word_1_57' title='bbox 402 485 416 504; x_wconf 92' lang='lat' dir='ltr'><strong>a</strong></span> <span class='ocrx_word' id='word_1_58' title='bbox 437 477 529 510; x_wconf 85' lang='lat' dir='ltr'><strong>Patre,</strong></span> <span class='ocrx_word' id='word_1_59' title='bbox 560 485 645 513; x_wconf 85' lang='lat' dir='ltr'><strong>seque</strong></span> <span class='ocrx_word' id='word_1_60' title='bbox 661 478 737 513; x_wconf 86' lang='lat' dir='ltr'><strong>ipso,</strong></span> <span class='ocrx_word' id='word_1_61' title='bbox 753 485 768 504; x_wconf 89' lang='lat' dir='ltr'><strong>a</strong></span> <span class='ocrx_word' id='word_1_62' title='bbox 782 482 878 505; x_wconf 88' lang='lat' dir='ltr'><strong>sancto</strong></span> <span class='ocrx_word' id='word_1_63' title='bbox 891 477 1006 513; x_wconf 87' lang='lat' dir='ltr'><strong>Spiritu,</strong></span> 
     </span>
    </p>
   </div>
   <div class='ocr_carea' id='block_1_12' title="bbox 219 523 1009 559">
    <p class='ocr_par' dir='ltr' id='par_1_12' title="bbox 219 523 1009 559">
     <span class='ocr_line' id='line_1_12' title="bbox 219 523 1009 559; baseline -0.003 -7"><span class='ocrx_word' id='word_1_64' title='bbox 219 525 340 552; x_wconf 87' lang='lat' dir='ltr'><strong>humano</strong></span> <span class='ocrx_word' id='word_1_65' title='bbox 355 532 432 551; x_wconf 87' lang='lat' dir='ltr'><strong>more</strong></span> <span class='ocrx_word' id='word_1_66' title='bbox 446 523 646 551; x_wconf 88' lang='lat' dir='ltr'><strong>sanctiﬁcatum</strong></span> <span class='ocrx_word' id='word_1_67' title='bbox 658 531 785 555; x_wconf 84' lang='lat' dir='ltr'><strong>cernens,</strong></span> <span class='ocrx_word' id='word_1_68' title='bbox 799 524 939 559; x_wconf 84' lang='lat' dir='ltr'><strong>proprium</strong></span> <span class='ocrx_word' id='word_1_69' title='bbox 958 531 1009 550; x_wconf 91' lang='lat' dir='ltr'><strong>no-</strong></span> 
     </span>
    </p>
   </div>
   <div class='ocr_carea' id='block_1_13' title="bbox 217 569 1009 606">
    <p class='ocr_par' dir='ltr' id='par_1_13' title="bbox 217 569 1009 606">
     <span class='ocr_line' id='line_1_13' title="bbox 217 569 1009 606; baseline -0.001 -9"><span class='ocrx_word' id='word_1_70' title='bbox 217 570 257 597; x_wconf 91' lang='lat' dir='ltr'><strong>vit</strong></span> <span class='ocrx_word' id='word_1_71' title='bbox 269 570 432 606; x_wconf 91' lang='lat' dir='ltr'><strong>principium</strong></span> <span class='ocrx_word' id='word_1_72' title='bbox 447 570 475 596; x_wconf 91' lang='lat' dir='ltr'><strong>in</strong></span> <span class='ocrx_word' id='word_1_73' title='bbox 489 570 533 597; x_wconf 91' lang='lat' dir='ltr'><strong>his</strong></span> <span class='ocrx_word' id='word_1_74' title='bbox 544 577 604 604; x_wconf 59' lang='lat' dir='ltr'><strong>quae</strong></span> <span class='ocrx_word' id='word_1_75' title='bbox 618 577 725 596; x_wconf 87' lang='lat' dir='ltr'><strong>summa</strong></span> <span class='ocrx_word' id='word_1_76' title='bbox 741 573 875 604; x_wconf 87' lang='lat' dir='ltr'><strong>potestate</strong></span> <span class='ocrx_word' id='word_1_77' title='bbox 886 577 934 605; x_wconf 91' lang='lat' dir='ltr'><strong>per</strong></span> <span class='ocrx_word' id='word_1_78' title='bbox 946 569 1009 597; x_wconf 90' lang='lat' dir='ltr'><strong>sub-</strong></span> 
     </span>
    </p>
   </div>
   <div class='ocr_carea' id='block_1_14' title="bbox 218 615 1007 652">
    <p class='ocr_par' dir='ltr' id='par_1_14' title="bbox 218 615 1007 652">
     <span class='ocr_line' id='line_1_14' title="bbox 218 615 1007 652; baseline 0 -9"><span class='ocrx_word' id='word_1_79' title='bbox 218 617 355 647; x_wconf 77' lang='lat' dir='ltr'><strong>stantiam,</strong></span> <span class='ocrx_word' id='word_1_80' title='bbox 370 623 431 652; x_wconf 73' lang='lat' dir='ltr'><strong>quae</strong></span> <span class='ocrx_word' id='word_1_81' title='bbox 448 615 524 643; x_wconf 87' lang='lat' dir='ltr'><strong>nullo</strong></span> <span class='ocrx_word' id='word_1_82' title='bbox 539 619 620 651; x_wconf 88' lang='lat' dir='ltr'><strong>pacto</strong></span> <span class='ocrx_word' id='word_1_83' title='bbox 638 616 778 642; x_wconf 88' lang='lat' dir='ltr'><strong>immutari</strong></span> <span class='ocrx_word' id='word_1_84' title='bbox 795 619 897 652; x_wconf 71' lang='lat' dir='ltr'><strong>potest,</strong></span> <span class='ocrx_word' id='word_1_85' title='bbox 915 615 1007 644; x_wconf 83' lang='lat' dir='ltr'><strong>elﬁcit.</strong></span> 
     </span>
    </p>
   </div>
   <div class='ocr_carea' id='block_1_15' title="bbox 219 661 1008 696">
    <p class='ocr_par' dir='ltr' id='par_1_15' title="bbox 219 661 1008 696">
     <span class='ocr_line' id='line_1_15' title="bbox 219 661 1008 696; baseline 0 -7"><span class='ocrx_word' id='word_1_86' title='bbox 219 661 309 695; x_wconf 86' lang='lat' dir='ltr'><strong>Quare</strong></span> <span class='ocrx_word' id='word_1_87' title='bbox 321 669 461 689; x_wconf 89' lang='lat' dir='ltr'><strong>sacrorum</strong></span> <span class='ocrx_word' id='word_1_88' title='bbox 479 661 619 696; x_wconf 82' lang='lat' dir='ltr'><strong>signorum</strong></span> <span class='ocrx_word' id='word_1_89' title='bbox 635 661 746 689; x_wconf 85' lang='lat' dir='ltr'><strong>traditio</strong></span> <span class='ocrx_word' id='word_1_90' title='bbox 763 666 859 689; x_wconf 87' lang='lat' dir='ltr'><strong>sancto</strong></span> <span class='ocrx_word' id='word_1_91' title='bbox 871 669 903 689; x_wconf 90' lang='lat' dir='ltr'><strong>ac</strong></span> <span class='ocrx_word' id='word_1_92' title='bbox 915 662 1008 690; x_wconf 92' lang='lat' dir='ltr'><strong>divino</strong></span> 
     </span>
    </p>
   </div>
   <div class='ocr_carea' id='block_1_16' title="bbox 219 706 1008 743">
    <p class='ocr_par' dir='ltr' id='par_1_16' title="bbox 219 706 1008 743">
     <span class='ocr_line' id='line_1_16' title="bbox 219 706 1008 743; baseline -0.001 -8"><span class='ocrx_word' id='word_1_93' title='bbox 219 707 379 743; x_wconf 85' lang='lat' dir='ltr'><strong>seraphinos</strong></span> <span class='ocrx_word' id='word_1_94' title='bbox 393 707 556 734; x_wconf 83' lang='lat' dir='ltr'><strong>circumstat</strong></span> <span class='ocrx_word' id='word_1_95' title='bbox 570 712 720 742; x_wconf 86' lang='lat' dir='ltr'><strong>unguento,</strong></span> <span class='ocrx_word' id='word_1_96' title='bbox 738 706 803 734; x_wconf 89' lang='lat' dir='ltr'><strong>dum</strong></span> <span class='ocrx_word' id='word_1_97' title='bbox 819 707 960 735; x_wconf 89' lang='lat' dir='ltr'><strong>Christum</strong></span> <span class='ocrx_word' id='word_1_98' title='bbox 980 707 1008 735; x_wconf 91' lang='lat' dir='ltr'><strong>in</strong></span> 
     </span>
    </p>
   </div>
   <div class='ocr_carea' id='block_1_17' title="bbox 220 753 1008 789">
    <p class='ocr_par' dir='ltr' id='par_1_17' title="bbox 220 753 1008 789">
     <span class='ocr_line' id='line_1_17' title="bbox 220 753 1008 789; baseline 0.001 -8"><span class='ocrx_word' id='word_1_99' title='bbox 220 758 318 782; x_wconf 90' lang='lat' dir='ltr'><strong>nostra</strong></span> <span class='ocrx_word' id='word_1_100' title='bbox 344 753 514 781; x_wconf 85' lang='lat' dir='ltr'><strong>humanitate</strong></span> <span class='ocrx_word' id='word_1_101' title='bbox 540 761 604 780; x_wconf 92' lang='lat' dir='ltr'><strong>vere</strong></span> <span class='ocrx_word' id='word_1_102' title='bbox 631 754 795 789; x_wconf 89' lang='lat' dir='ltr'><strong>penitusque</strong></span> <span class='ocrx_word' id='word_1_103' title='bbox 809 754 1008 782; x_wconf 88' lang='lat' dir='ltr'><strong>immutabilem</strong></span> 
     </span>
    </p>
   </div>
   <div class='ocr_carea' id='block_1_18' title="bbox 218 797 1009 836">
    <p class='ocr_par' dir='ltr' id='par_1_18' title="bbox 218 797 1009 836">
     <span class='ocr_line' id='line_1_18' title="bbox 218 797 1009 836; baseline -0.001 -9"><span class='ocrx_word' id='word_1_104' title='bbox 218 800 354 836; x_wconf 73' lang='lat' dir='ltr'><strong>agnoscit,</strong></span> <span class='ocrx_word' id='word_1_105' title='bbox 364 804 446 835; x_wconf 87' lang='lat' dir='ltr'><strong>atque</strong></span> <span class='ocrx_word' id='word_1_106' title='bbox 454 799 598 827; x_wconf 86' lang='lat' dir='ltr'><strong>describit.</strong></span> <span class='ocrx_word' id='word_1_107' title='bbox 611 809 620 825; x_wconf 75' lang='grc' dir='ltr'><strong>ι</strong></span> <span class='ocrx_word' id='word_1_108' title='bbox 632 797 654 826; x_wconf 99' lang='lat'><strong>0</strong></span> <span class='ocrx_word' id='word_1_109' title='bbox 670 799 843 827; x_wconf 86' lang='lat' dir='ltr'><strong>sanctissima</strong></span> <span class='ocrx_word' id='word_1_110' title='bbox 859 799 930 826; x_wconf 87' lang='lat' dir='ltr'><strong>labia</strong></span> <span class='ocrx_word' id='word_1_111' title='bbox 945 799 1009 827; x_wconf 88' lang='lat' dir='ltr'><strong>talia</strong></span> 
     </span>
    </p>
   </div>
   <div class='ocr_carea' id='block_1_19' title="bbox 217 844 1010 882">
    <p class='ocr_par' dir='ltr' id='par_1_19' title="bbox 217 844 1010 882">
     <span class='ocr_line' id='line_1_19' title="bbox 217 844 1010 882; baseline 0 -10"><span class='ocrx_word' id='word_1_112' title='bbox 217 846 381 882; x_wconf 82' lang='lat' dir='ltr'><strong>prolocuta!</strong></span> <span class='ocrx_word' id='word_1_113' title='bbox 406 845 495 879; x_wconf 86' lang='lat' dir='ltr'><strong>Quam</strong></span> <span class='ocrx_word' id='word_1_114' title='bbox 517 852 579 872; x_wconf 82' lang='lat' dir='ltr'><strong>vere</strong></span> <span class='ocrx_word' id='word_1_115' title='bbox 607 844 634 871; x_wconf 89' lang='lat' dir='ltr'><strong>in</strong></span> <span class='ocrx_word' id='word_1_116' title='bbox 665 844 733 880; x_wconf 89' lang='lat' dir='ltr'><strong>ipsis</strong></span> <span class='ocrx_word' id='word_1_117' title='bbox 753 844 839 872; x_wconf 77' lang='lat' dir='ltr'><strong>eﬁ‘usa</strong></span> <span class='ocrx_word' id='word_1_118' title='bbox 861 849 903 873; x_wconf 90' lang='lat' dir='ltr'><strong>est</strong></span> <span class='ocrx_word' id='word_1_119' title='bbox 922 845 1010 880; x_wconf 85' lang='lat' dir='ltr'><strong>gratia</strong></span> 
     </span>
    </p>
   </div>
   <div class='ocr_carea' id='block_1_20' title="bbox 219 891 1010 928">
    <p class='ocr_par' dir='ltr' id='par_1_20' title="bbox 219 891 1010 928">
     <span class='ocr_line' id='line_1_20' title="bbox 219 891 1010 928; baseline 0.001 -8"><span class='ocrx_word' id='word_1_120' title='bbox 219 893 354 920; x_wconf 90' lang='lat' dir='ltr'><strong>donorum</strong></span> <span class='ocrx_word' id='word_1_121' title='bbox 371 892 491 928; x_wconf 88' lang='lat' dir='ltr'><strong>Spiritus</strong></span> <span class='ocrx_word' id='word_1_122' title='bbox 505 891 603 924; x_wconf 86' lang='lat' dir='ltr'><strong>sancti,</strong></span> <span class='ocrx_word' id='word_1_123' title='bbox 616 899 632 918; x_wconf 86' lang='lat' dir='ltr'><strong>a</strong></span> <span class='ocrx_word' id='word_1_124' title='bbox 651 899 706 927; x_wconf 89' lang='lat' dir='ltr'><strong>quo</strong></span> <span class='ocrx_word' id='word_1_125' title='bbox 721 891 793 920; x_wconf 89' lang='lat' dir='ltr'><strong>dona</strong></span> <span class='ocrx_word' id='word_1_126' title='bbox 819 893 846 920; x_wconf 93' lang='lat' dir='ltr'><strong>in</strong></span> <span class='ocrx_word' id='word_1_127' title='bbox 874 901 932 926; x_wconf 91' lang='lat' dir='ltr'><strong>eos,</strong></span> <span class='ocrx_word' id='word_1_128' title='bbox 962 893 1010 928; x_wconf 88' lang='lat' dir='ltr'><strong>qui</strong></span> 
     </span>
    </p>
   </div>
   <div class='ocr_carea' id='block_1_21' title="bbox 218 937 1008 974">
    <p class='ocr_par' dir='ltr' id='par_1_21' title="bbox 218 937 1008 974">
     <span class='ocr_line' id='line_1_21' title="bbox 218 937 1008 974; baseline 0 -8"><span class='ocrx_word' id='word_1_129' title='bbox 218 946 282 966; x_wconf 90' lang='lat' dir='ltr'><strong>cum</strong></span> <span class='ocrx_word' id='word_1_130' title='bbox 298 939 400 971; x_wconf 89' lang='lat' dir='ltr'><strong>animo,</strong></span> <span class='ocrx_word' id='word_1_131' title='bbox 424 942 483 966; x_wconf 90' lang='lat' dir='ltr'><strong>tum</strong></span> <span class='ocrx_word' id='word_1_132' title='bbox 503 945 620 972; x_wconf 88' lang='lat' dir='ltr'><strong>corpore</strong></span> <span class='ocrx_word' id='word_1_133' title='bbox 635 937 728 966; x_wconf 85' lang='lat' dir='ltr'><strong>divine</strong></span> <span class='ocrx_word' id='word_1_134' title='bbox 751 939 908 974; x_wconf 82' lang='lat' dir='ltr'><strong>perpurgati</strong></span> <span class='ocrx_word' id='word_1_135' title='bbox 933 942 1008 971; x_wconf 91' lang='lat' dir='ltr'><strong>sunt,</strong></span> 
     </span>
    </p>
   </div>
   <div class='ocr_carea' id='block_1_22' title="bbox 218 983 1011 1022">
    <p class='ocr_par' dir='ltr' id='par_1_22' title="bbox 218 983 1011 1022">
     <span class='ocr_line' id='line_1_22' title="bbox 218 983 1011 1022; baseline 0 -9"><span class='ocrx_word' id='word_1_136' title='bbox 218 986 444 1022; x_wconf 83' lang='lat' dir='ltr'><strong>proﬁciscuntur,</strong></span> <span class='ocrx_word' id='word_1_137' title='bbox 470 993 531 1020; x_wconf 70' lang='lat' dir='ltr'><strong>quae</strong></span> <span class='ocrx_word' id='word_1_138' title='bbox 546 983 666 1019; x_wconf 78' lang='lat' dir='ltr'><strong>pontifex</strong></span> <span class='ocrx_word' id='word_1_139' title='bbox 691 983 736 1011; x_wconf 90' lang='lat' dir='ltr'><strong>hic</strong></span> <span class='ocrx_word' id='word_1_140' title='bbox 762 985 954 1014; x_wconf 84' lang='lat' dir='ltr'><strong>sanctissimus</strong></span> <span class='ocrx_word' id='word_1_141' title='bbox 968 989 1011 1014; x_wconf 87' lang='lat' dir='ltr'><strong>est</strong></span> 
     </span>
    </p>
   </div>
   <div class='ocr_carea' id='block_1_23' title="bbox 217 1029 1009 1067">
    <p class='ocr_par' dir='ltr' id='par_1_23' title="bbox 217 1029 1009 1067">
     <span class='ocr_line' id='line_1_23' title="bbox 217 1029 1009 1067; baseline -0.001 -7"><span class='ocrx_word' id='word_1_142' title='bbox 217 1034 393 1060; x_wconf 87' lang='lat' dir='ltr'><strong>consecutus.</strong></span> <span class='ocrx_word' id='word_1_143' title='bbox 411 1030 435 1059; x_wconf 92' lang='lat'><strong>0</strong></span> <span class='ocrx_word' id='word_1_144' title='bbox 449 1031 570 1067; x_wconf 78' lang='lat' dir='ltr'><strong>linguam</strong></span> <span class='ocrx_word' id='word_1_145' title='bbox 603 1030 687 1057; x_wconf 83' lang='lat' dir='ltr'><strong>rebus</strong></span> <span class='ocrx_word' id='word_1_146' title='bbox 703 1029 805 1058; x_wconf 88' lang='lat' dir='ltr'><strong>divinis</strong></span> <span class='ocrx_word' id='word_1_147' title='bbox 829 1031 1009 1066; x_wconf 80' lang='lat' dir='ltr'><strong>explicandis,</strong></span> 
     </span>
    </p>
   </div>
   <div class='ocr_carea' id='block_1_24' title="bbox 219 1076 1011 1113">
    <p class='ocr_par' dir='ltr' id='par_1_24' title="bbox 219 1076 1011 1113">
     <span class='ocr_line' id='line_1_24' title="bbox 219 1076 1011 1113; baseline -0.003 -6"><span class='ocrx_word' id='word_1_148' title='bbox 219 1078 361 1113; x_wconf 84' lang='lat' dir='ltr'><strong>sacrisque</strong></span> <span class='ocrx_word' id='word_1_149' title='bbox 373 1077 525 1113; x_wconf 89' lang='lat' dir='ltr'><strong>pandendis</strong></span> <span class='ocrx_word' id='word_1_150' title='bbox 550 1076 669 1104; x_wconf 81' lang='lat' dir='ltr'><strong>maxime</strong></span> <span class='ocrx_word' id='word_1_151' title='bbox 682 1077 879 1110; x_wconf 83' lang='lat' dir='ltr'><strong>necessariam,</strong></span> <span class='ocrx_word' id='word_1_152' title='bbox 895 1085 956 1113; x_wconf 75' lang='lat' dir='ltr'><strong>quae</strong></span> <span class='ocrx_word' id='word_1_153' title='bbox 969 1085 1011 1105; x_wconf 89' lang='lat' dir='ltr'><strong>re-</strong></span> 
     </span>
    </p>
   </div>
   <div class='ocr_carea' id='block_1_25' title="bbox 218 1124 1010 1160">
    <p class='ocr_par' dir='ltr' id='par_1_25' title="bbox 218 1124 1010 1160">
     <span class='ocr_line' id='line_1_25' title="bbox 218 1124 1010 1160; baseline 0 -8"><span class='ocrx_word' id='word_1_154' title='bbox 218 1125 330 1152; x_wconf 82' lang='lat' dir='ltr'><strong>condita</strong></span> <span class='ocrx_word' id='word_1_155' title='bbox 345 1125 403 1152; x_wconf 80' lang='lat' dir='ltr'><strong>haec</strong></span> <span class='ocrx_word' id='word_1_156' title='bbox 418 1128 445 1152; x_wconf 87' lang='lat' dir='ltr'><strong>et</strong></span> <span class='ocrx_word' id='word_1_157' title='bbox 470 1131 571 1152; x_wconf 86' lang='lat' dir='ltr'><strong>arcana</strong></span> <span class='ocrx_word' id='word_1_158' title='bbox 594 1124 725 1160; x_wconf 82' lang='lat' dir='ltr'><strong>mysteria</strong></span> <span class='ocrx_word' id='word_1_159' title='bbox 745 1124 905 1158; x_wconf 89' lang='lat' dir='ltr'><strong>planissima</strong></span> <span class='ocrx_word' id='word_1_160' title='bbox 928 1124 1010 1152; x_wconf 86' lang='lat' dir='ltr'><strong>nobis</strong></span> 
     </span>
    </p>
   </div>
   <div class='ocr_carea' id='block_1_26' title="bbox 218 1170 1010 1206">
    <p class='ocr_par' dir='ltr' id='par_1_26' title="bbox 218 1170 1010 1206">
     <span class='ocr_line' id='line_1_26' title="bbox 218 1170 1010 1206; baseline 0 -8"><span class='ocrx_word' id='word_1_161' title='bbox 218 1171 325 1199; x_wconf 78' lang='lat' dir='ltr'><strong>ell‘ecit!</strong></span> <span class='ocrx_word' id='word_1_162' title='bbox 340 1170 409 1198; x_wconf 86' lang='lat' dir='ltr'><strong>Vere</strong></span> <span class='ocrx_word' id='word_1_163' title='bbox 428 1171 470 1206; x_wconf 86' lang='lat' dir='ltr'><strong>(ut</strong></span> <span class='ocrx_word' id='word_1_164' title='bbox 485 1170 608 1198; x_wconf 90' lang='lat' dir='ltr'><strong>divinum</strong></span> <span class='ocrx_word' id='word_1_165' title='bbox 625 1170 708 1198; x_wconf 83' lang='lat' dir='ltr'><strong>habet</strong></span> <span class='ocrx_word' id='word_1_166' title='bbox 722 1170 873 1205; x_wconf 82' lang='lat' dir='ltr'><strong>eloquium)</strong></span> <span class='ocrx_word' id='word_1_167' title='bbox 888 1170 1010 1198; x_wconf 88' lang='lat' dir='ltr'><strong>calamus</strong></span> 
     </span>
    </p>
   </div>
   <div class='ocr_carea' id='block_1_27' title="bbox 219 1216 1011 1253">
    <p class='ocr_par' dir='ltr' id='par_1_27' title="bbox 219 1216 1011 1253">
     <span class='ocr_line' id='line_1_27' title="bbox 219 1216 1011 1253; baseline 0 -8"><span class='ocrx_word' id='word_1_168' title='bbox 219 1218 317 1246; x_wconf 64' lang='lat' dir='ltr'><strong>scribae</strong></span> <span class='ocrx_word' id='word_1_169' title='bbox 332 1217 465 1245; x_wconf 73' lang='lat' dir='ltr'><strong>velociter</strong></span> <span class='ocrx_word' id='word_1_170' title='bbox 482 1217 630 1245; x_wconf 84' lang='lat' dir='ltr'><strong>scribentis</strong></span> <span class='ocrx_word' id='word_1_171' title='bbox 647 1217 781 1253; x_wconf 81' lang='lat' dir='ltr'><strong>appellata</strong></span> <span class='ocrx_word' id='word_1_172' title='bbox 804 1221 856 1244; x_wconf 89' lang='lat' dir='ltr'><strong>est.</strong></span> <span class='ocrx_word' id='word_1_173' title='bbox 878 1216 901 1244; x_wconf 94' lang='lat'><strong>0</strong></span> <span class='ocrx_word' id='word_1_174' title='bbox 914 1217 1011 1245; x_wconf 83' lang='lat' dir='ltr'><strong>claris-</strong></span> 
     </span>
    </p>
   </div>
   <div class='ocr_carea' id='block_1_28' title="bbox 219 1262 1011 1297">
    <p class='ocr_par' dir='ltr' id='par_1_28' title="bbox 219 1262 1011 1297">
     <span class='ocr_line' id='line_1_28' title="bbox 219 1262 1011 1297; baseline 0.001 -8"><span class='ocrx_word' id='word_1_175' title='bbox 219 1263 317 1290; x_wconf 84' lang='lat' dir='ltr'><strong>simam</strong></span> <span class='ocrx_word' id='word_1_176' title='bbox 337 1266 455 1290; x_wconf 88' lang='lat' dir='ltr'><strong>mentem</strong></span> <span class='ocrx_word' id='word_1_177' title='bbox 470 1270 531 1297; x_wconf 70' lang='lat' dir='ltr'><strong>quae</strong></span> <span class='ocrx_word' id='word_1_178' title='bbox 558 1262 715 1297; x_wconf 89' lang='lat' dir='ltr'><strong>hujusmodi</strong></span> <span class='ocrx_word' id='word_1_179' title='bbox 729 1262 923 1296; x_wconf 84' lang='lat' dir='ltr'><strong>cogitationes,</strong></span> <span class='ocrx_word' id='word_1_180' title='bbox 949 1269 1011 1297; x_wconf 70' lang='lat' dir='ltr'><strong>quae</strong></span> 
     </span>
    </p>
   </div>
   <div class='ocr_carea' id='block_1_29' title="bbox 219 1307 1010 1344">
    <p class='ocr_par' dir='ltr' id='par_1_29' title="bbox 219 1307 1010 1344">
     <span class='ocr_line' id='line_1_29' title="bbox 219 1307 1010 1344; baseline 0 -9"><span class='ocrx_word' id='word_1_181' title='bbox 219 1307 342 1335; x_wconf 90' lang='lat' dir='ltr'><strong>omnium</strong></span> <span class='ocrx_word' id='word_1_182' title='bbox 363 1315 474 1336; x_wconf 88' lang='lat' dir='ltr'><strong>sensum</strong></span> <span class='ocrx_word' id='word_1_183' title='bbox 487 1312 569 1344; x_wconf 91' lang='lat' dir='ltr'><strong>atque</strong></span> <span class='ocrx_word' id='word_1_184' title='bbox 584 1315 738 1336; x_wconf 80' lang='lat' dir='ltr'><strong>sermonem</strong></span> <span class='ocrx_word' id='word_1_185' title='bbox 751 1308 927 1340; x_wconf 87' lang='lat' dir='ltr'><strong>antecellunt,</strong></span> <span class='ocrx_word' id='word_1_186' title='bbox 942 1308 1010 1336; x_wconf 88' lang='lat' dir='ltr'><strong>edo-</strong></span> 
     </span>
    </p>
   </div>
   <div class='ocr_carea' id='block_1_30' title="bbox 219 1353 1010 1387">
    <p class='ocr_par' dir='ltr' id='par_1_30' title="bbox 219 1353 1010 1387">
     <span class='ocr_line' id='line_1_30' title="bbox 219 1353 1010 1387; baseline -0.001 -6"><span class='ocrx_word' id='word_1_187' title='bbox 219 1357 264 1381; x_wconf 89' lang='lat' dir='ltr'><strong>cta</strong></span> <span class='ocrx_word' id='word_1_188' title='bbox 289 1359 331 1381; x_wconf 89' lang='lat' dir='ltr'><strong>est</strong></span> <span class='ocrx_word' id='word_1_189' title='bbox 356 1358 384 1381; x_wconf 89' lang='lat' dir='ltr'><strong>et</strong></span> <span class='ocrx_word' id='word_1_190' title='bbox 412 1354 545 1382; x_wconf 88' lang='lat' dir='ltr'><strong>divinitus</strong></span> <span class='ocrx_word' id='word_1_191' title='bbox 573 1355 729 1382; x_wconf 90' lang='lat' dir='ltr'><strong>illustratal</strong></span> <span class='ocrx_word' id='word_1_192' title='bbox 747 1354 813 1387; x_wconf 82' lang='lat' dir='ltr'><strong>Quae</strong></span> <span class='ocrx_word' id='word_1_193' title='bbox 839 1353 913 1381; x_wconf 92' lang='lat' dir='ltr'><strong>enim</strong></span> <span class='ocrx_word' id='word_1_194' title='bbox 933 1360 1010 1380; x_wconf 91' lang='lat' dir='ltr'><strong>mens</strong></span> 
     </span>
    </p>
   </div>
   <div class='ocr_carea' id='block_1_31' title="bbox 220 1400 1011 1436">
    <p class='ocr_par' dir='ltr' id='par_1_31' title="bbox 220 1400 1011 1436">
     <span class='ocr_line' id='line_1_31' title="bbox 220 1400 1011 1436; baseline -0.001 -9"><span class='ocrx_word' id='word_1_195' title='bbox 220 1401 379 1428; x_wconf 89' lang='lat' dir='ltr'><strong>acutissime</strong></span> <span class='ocrx_word' id='word_1_196' title='bbox 393 1405 419 1428; x_wconf 91' lang='lat' dir='ltr'><strong>et</strong></span> <span class='ocrx_word' id='word_1_197' title='bbox 439 1401 532 1429; x_wconf 86' lang='lat' dir='ltr'><strong>divine</strong></span> <span class='ocrx_word' id='word_1_198' title='bbox 547 1401 729 1436; x_wconf 86' lang='lat' dir='ltr'><strong>perspiciens,</strong></span> <span class='ocrx_word' id='word_1_199' title='bbox 745 1409 800 1428; x_wconf 88' lang='lat' dir='ltr'><strong>non</strong></span> <span class='ocrx_word' id='word_1_200' title='bbox 826 1407 935 1427; x_wconf 91' lang='lat' dir='ltr'><strong>omnem</strong></span> <span class='ocrx_word' id='word_1_201' title='bbox 955 1400 1011 1427; x_wconf 70' lang='lat' dir='ltr'><strong>hae-</strong></span> 
     </span>
    </p>
   </div>
   <div class='ocr_carea' id='block_1_32' title="bbox 219 1446 1012 1478">
    <p class='ocr_par' dir='ltr' id='par_1_32' title="bbox 219 1446 1012 1478">
     <span class='ocr_line' id='line_1_32' title="bbox 219 1446 1012 1478; baseline 0 -5"><span class='ocrx_word' id='word_1_202' title='bbox 219 1446 367 1474; x_wconf 89' lang='lat' dir='ltr'><strong>reticorum</strong></span> <span class='ocrx_word' id='word_1_203' title='bbox 387 1447 603 1475; x_wconf 81' lang='lat' dir='ltr'><strong>infensissimam</strong></span> <span class='ocrx_word' id='word_1_204' title='bbox 625 1451 782 1475; x_wconf 87' lang='lat' dir='ltr'><strong>contemnet</strong></span> <span class='ocrx_word' id='word_1_205' title='bbox 796 1446 892 1478; x_wconf 91' lang='lat' dir='ltr'><strong>aciem,</strong></span> <span class='ocrx_word' id='word_1_206' title='bbox 907 1446 934 1474; x_wconf 93' lang='lat' dir='ltr'><strong>in</strong></span> <span class='ocrx_word' id='word_1_207' title='bbox 948 1446 1012 1474; x_wconf 87' lang='lat' dir='ltr'><strong>bre-</strong></span> 
     </span>
    </p>
   </div>
   <div class='ocr_carea' id='block_1_33' title="bbox 218 1492 1010 1528">
    <p class='ocr_par' dir='ltr' id='par_1_33' title="bbox 218 1492 1010 1528">
     <span class='ocr_line' id='line_1_33' title="bbox 218 1492 1010 1528; baseline 0 -8"><span class='ocrx_word' id='word_1_208' title='bbox 218 1493 339 1521; x_wconf 76' lang='lat' dir='ltr'><strong>vissimis</strong></span> <span class='ocrx_word' id='word_1_209' title='bbox 352 1493 508 1521; x_wconf 88' lang='lat' dir='ltr'><strong>divinorum</strong></span> <span class='ocrx_word' id='word_1_210' title='bbox 523 1494 620 1521; x_wconf 91' lang='lat' dir='ltr'><strong>horum</strong></span> <span class='ocrx_word' id='word_1_211' title='bbox 631 1494 777 1521; x_wconf 90' lang='lat' dir='ltr'><strong>verborum</strong></span> <span class='ocrx_word' id='word_1_212' title='bbox 795 1492 929 1528; x_wconf 71' lang='lat' dir='ltr'><strong>praesidiis</strong></span> <span class='ocrx_word' id='word_1_213' title='bbox 943 1500 1010 1528; x_wconf 82' lang='lat' dir='ltr'><strong>pro-</strong></span> 
     </span>
    </p>
   </div>
   <div class='ocr_carea' id='block_1_34' title="bbox 218 1537 1044 1585">
    <p class='ocr_par' dir='ltr' id='par_1_34' title="bbox 218 1537 1044 1585">
     <span class='ocr_line' id='line_1_34' title="bbox 218 1537 1044 1585; baseline -0.002 -19"><span class='ocrx_word' id='word_1_214' title='bbox 218 1543 332 1566; x_wconf 79' lang='lat' dir='ltr'><strong>stratam</strong></span> <span class='ocrx_word' id='word_1_215' title='bbox 344 1543 426 1574; x_wconf 87' lang='lat' dir='ltr'><strong>atque</strong></span> <span class='ocrx_word' id='word_1_216' title='bbox 450 1543 639 1575; x_wconf 89' lang='lat' dir='ltr'><strong>consumptam</strong></span> <span class='ocrx_word' id='word_1_217' title='bbox 653 1543 783 1574; x_wconf 85' lang='lat' dir='ltr'><strong>tanquam</strong></span> <span class='ocrx_word' id='word_1_218' title='bbox 805 1537 1007 1565; x_wconf 89' lang='lat' dir='ltr'><strong>multitudinem</strong></span> <span class='ocrx_word' id='word_1_219' title='bbox 1021 1554 1044 1585; x_wconf 79' lang='lat' dir='ltr'><strong>C</strong></span> 
     </span>
    </p>
   </div>
   <div class='ocr_carea' id='block_1_35' title="bbox 219 1585 1007 1622">
    <p class='ocr_par' dir='ltr' id='par_1_35' title="bbox 219 1585 1007 1622">
     <span class='ocr_line' id='line_1_35' title="bbox 219 1585 1007 1622; baseline 0 -10"><span class='ocrx_word' id='word_1_220' title='bbox 219 1585 292 1613; x_wconf 80' lang='lat' dir='ltr'><strong>inter</strong></span> <span class='ocrx_word' id='word_1_221' title='bbox 307 1586 517 1614; x_wconf 85' lang='lat' dir='ltr'><strong>molestissimas</strong></span> <span class='ocrx_word' id='word_1_222' title='bbox 542 1585 675 1622; x_wconf 87' lang='lat' dir='ltr'><strong>quasdam</strong></span> <span class='ocrx_word' id='word_1_223' title='bbox 694 1586 899 1613; x_wconf 87' lang='lat' dir='ltr'><strong>vulneratorum</strong></span> <span class='ocrx_word' id='word_1_224' title='bbox 925 1592 1007 1612; x_wconf 89' lang='lat' dir='ltr'><strong>voces</strong></span> 
     </span>
    </p>
   </div>
   <div class='ocr_carea' id='block_1_36' title="bbox 219 1631 1008 1668">
    <p class='ocr_par' dir='ltr' id='par_1_36' title="bbox 219 1631 1008 1668">
     <span class='ocr_line' id='line_1_36' title="bbox 219 1631 1008 1668; baseline -0.001 -9"><span class='ocrx_word' id='word_1_225' title='bbox 219 1632 353 1667; x_wconf 74' lang='lat' dir='ltr'><strong>sanguine</strong></span> <span class='ocrx_word' id='word_1_226' title='bbox 372 1633 541 1668; x_wconf 89' lang='lat' dir='ltr'><strong>pulvereque</strong></span> <span class='ocrx_word' id='word_1_227' title='bbox 564 1632 715 1660; x_wconf 61' lang='lat' dir='ltr'><strong>foedatam?</strong></span> <span class='ocrx_word' id='word_1_228' title='bbox 732 1631 814 1667; x_wconf 77' lang='lat'><strong>376</strong></span> <span class='ocrx_word' id='word_1_229' title='bbox 828 1631 891 1659; x_wconf 82' lang='lat' dir='ltr'><strong>Haec</strong></span> <span class='ocrx_word' id='word_1_230' title='bbox 904 1638 971 1659; x_wconf 88' lang='lat' dir='ltr'><strong>sane</strong></span> <span class='ocrx_word' id='word_1_231' title='bbox 981 1635 1008 1658; x_wconf 90' lang='lat' dir='ltr'><strong>et</strong></span> 
     </span>
    </p>
   </div>
   <div class='ocr_carea' id='block_1_37' title="bbox 218 1677 1009 1714">
    <p class='ocr_par' dir='ltr' id='par_1_37' title="bbox 218 1677 1009 1714">
     <span class='ocr_line' id='line_1_37' title="bbox 218 1677 1009 1714; baseline 0 -10"><span class='ocrx_word' id='word_1_232' title='bbox 218 1678 329 1712; x_wconf 90' lang='lat' dir='ltr'><strong>quidem</strong></span> <span class='ocrx_word' id='word_1_233' title='bbox 348 1678 494 1706; x_wconf 84' lang='lat' dir='ltr'><strong>admodum</strong></span> <span class='ocrx_word' id='word_1_234' title='bbox 510 1678 609 1714; x_wconf 80' lang='lat' dir='ltr'><strong>exigua</strong></span> <span class='ocrx_word' id='word_1_235' title='bbox 626 1678 653 1705; x_wconf 88' lang='lat' dir='ltr'><strong>in</strong></span> <span class='ocrx_word' id='word_1_236' title='bbox 667 1677 740 1705; x_wconf 92' lang='lat' dir='ltr'><strong>illius</strong></span> <span class='ocrx_word' id='word_1_237' title='bbox 760 1677 952 1712; x_wconf 82' lang='lat' dir='ltr'><strong>pulcherrimis</strong></span> <span class='ocrx_word' id='word_1_238' title='bbox 967 1677 1009 1704; x_wconf 91' lang='lat' dir='ltr'><strong>di-</strong></span> 
     </span>
    </p>
   </div>
   <div class='ocr_carea' id='block_1_38' title="bbox 219 1723 1010 1760">
    <p class='ocr_par' dir='ltr' id='par_1_38' title="bbox 219 1723 1010 1760">
     <span class='ocr_line' id='line_1_38' title="bbox 219 1723 1010 1760; baseline 0 -9"><span class='ocrx_word' id='word_1_239' title='bbox 219 1725 289 1752; x_wconf 68' lang='lat' dir='ltr'><strong>vium</strong></span> <span class='ocrx_word' id='word_1_240' title='bbox 305 1724 438 1752; x_wconf 69' lang='lat' dir='ltr'><strong>doctrinae</strong></span> <span class='ocrx_word' id='word_1_241' title='bbox 456 1725 556 1758; x_wconf 85' lang='lat' dir='ltr'><strong>hortis,</strong></span> <span class='ocrx_word' id='word_1_242' title='bbox 572 1725 653 1760; x_wconf 88' lang='lat' dir='ltr'><strong>quasi</strong></span> <span class='ocrx_word' id='word_1_243' title='bbox 681 1724 774 1757; x_wconf 81' lang='lat' dir='ltr'><strong>ﬂores,</strong></span> <span class='ocrx_word' id='word_1_244' title='bbox 790 1732 804 1751; x_wconf 86' lang='lat' dir='ltr'><strong>a</strong></span> <span class='ocrx_word' id='word_1_245' title='bbox 818 1723 898 1751; x_wconf 89' lang='lat' dir='ltr'><strong>nobis</strong></span> <span class='ocrx_word' id='word_1_246' title='bbox 914 1731 1010 1751; x_wconf 81' lang='lat' dir='ltr'><strong>excer-</strong></span> 
     </span>
    </p>
   </div>
   <div class='ocr_carea' id='block_1_39' title="bbox 218 1769 1009 1807">
    <p class='ocr_par' dir='ltr' id='par_1_39' title="bbox 218 1769 1009 1807">
     <span class='ocr_line' id='line_1_39' title="bbox 218 1769 1009 1807; baseline -0.004 -9"><span class='ocrx_word' id='word_1_247' title='bbox 218 1776 265 1807; x_wconf 92' lang='lat' dir='ltr'><strong>pta</strong></span> <span class='ocrx_word' id='word_1_248' title='bbox 278 1775 352 1803; x_wconf 79' lang='lat' dir='ltr'><strong>sunt,</strong></span> <span class='ocrx_word' id='word_1_249' title='bbox 370 1775 399 1798; x_wconf 91' lang='lat' dir='ltr'><strong>ut</strong></span> <span class='ocrx_word' id='word_1_250' title='bbox 414 1771 605 1798; x_wconf 80' lang='lat' dir='ltr'><strong>excellentiam</strong></span> <span class='ocrx_word' id='word_1_251' title='bbox 620 1770 819 1798; x_wconf 72' lang='lat' dir='ltr'><strong>cmleslissimae</strong></span> <span class='ocrx_word' id='word_1_252' title='bbox 833 1769 919 1804; x_wconf 87' lang='lat' dir='ltr'><strong>ipsius</strong></span> <span class='ocrx_word' id='word_1_253' title='bbox 930 1769 1009 1796; x_wconf 92' lang='lat' dir='ltr'><strong>theo-</strong></span> 
     </span>
    </p>
   </div>
   <div class='ocr_carea' id='block_1_40' title="bbox 219 1812 1011 1851">
    <p class='ocr_par' dir='ltr' id='par_1_40' title="bbox 219 1812 1011 1851">
     <span class='ocr_line' id='line_1_40' title="bbox 219 1812 1011 1851; baseline -0.005 -8"><span class='ocrx_word' id='word_1_254' title='bbox 219 1816 308 1851; x_wconf 81' lang='lat' dir='ltr'><strong>logiae,</strong></span> <span class='ocrx_word' id='word_1_255' title='bbox 321 1819 349 1843; x_wconf 88' lang='lat' dir='ltr'><strong>et</strong></span> <span class='ocrx_word' id='word_1_256' title='bbox 362 1815 596 1850; x_wconf 86' lang='lat' dir='ltr'><strong>incomparabilis,</strong></span> <span class='ocrx_word' id='word_1_257' title='bbox 625 1822 658 1842; x_wconf 89' lang='lat' dir='ltr'><strong>ac</strong></span> <span class='ocrx_word' id='word_1_258' title='bbox 683 1815 846 1842; x_wconf 67' lang='lat' dir='ltr'><strong>clarissima:</strong></span> <span class='ocrx_word' id='word_1_259' title='bbox 865 1813 964 1841; x_wconf 73' lang='lat' dir='ltr'><strong>divinae</strong></span> <span class='ocrx_word' id='word_1_260' title='bbox 981 1812 1011 1840; x_wconf 93' lang='lat' dir='ltr'><strong>il-</strong></span> 
     </span>
    </p>
   </div>
   <div class='ocr_carea' id='block_1_41' title="bbox 219 1859 1010 1896">
    <p class='ocr_par' dir='ltr' id='par_1_41' title="bbox 219 1859 1010 1896">
     <span class='ocr_line' id='line_1_41' title="bbox 219 1859 1010 1896; baseline -0.004 -7"><span class='ocrx_word' id='word_1_261' title='bbox 219 1862 274 1890; x_wconf 84' lang='lat' dir='ltr'><strong>lius</strong></span> <span class='ocrx_word' id='word_1_262' title='bbox 288 1862 451 1890; x_wconf 89' lang='lat' dir='ltr'><strong>assertionis</strong></span> <span class='ocrx_word' id='word_1_263' title='bbox 478 1861 512 1888; x_wconf 91' lang='lat' dir='ltr'><strong>de</strong></span> <span class='ocrx_word' id='word_1_264' title='bbox 536 1868 601 1889; x_wconf 87' lang='lat' dir='ltr'><strong>vera</strong></span> <span class='ocrx_word' id='word_1_265' title='bbox 627 1866 654 1889; x_wconf 90' lang='lat' dir='ltr'><strong>et</strong></span> <span class='ocrx_word' id='word_1_266' title='bbox 669 1859 940 1896; x_wconf 76' lang='lat' dir='ltr'><strong>incomprehensibili</strong></span> <span class='ocrx_word' id='word_1_267' title='bbox 958 1859 1010 1887; x_wconf 87' lang='lat' dir='ltr'><strong>ﬁde</strong></span> 
     </span>
    </p>
   </div>
   <div class='ocr_carea' id='block_1_42' title="bbox 220 1906 1009 1942">
    <p class='ocr_par' dir='ltr' id='par_1_42' title="bbox 220 1906 1009 1942">
     <span class='ocr_line' id='line_1_42' title="bbox 220 1906 1009 1942; baseline -0.003 -7"><span class='ocrx_word' id='word_1_268' title='bbox 220 1907 371 1935; x_wconf 91' lang='lat' dir='ltr'><strong>laudarem.</strong></span> <span class='ocrx_word' id='word_1_269' title='bbox 387 1907 473 1934; x_wconf 87' lang='lat' dir='ltr'><strong>Porro</strong></span> <span class='ocrx_word' id='word_1_270' title='bbox 487 1907 650 1942; x_wconf 87' lang='lat' dir='ltr'><strong>sapientiam</strong></span> <span class='ocrx_word' id='word_1_271' title='bbox 668 1913 750 1942; x_wconf 89' lang='lat' dir='ltr'><strong>atque</strong></span> <span class='ocrx_word' id='word_1_272' title='bbox 774 1906 927 1939; x_wconf 81' lang='lat' dir='ltr'><strong>scientiam,</strong></span> <span class='ocrx_word' id='word_1_273' title='bbox 955 1913 1009 1941; x_wconf 88' lang='lat' dir='ltr'><strong>qua</strong></span> 
     </span>
    </p>
   </div>
   <div class='ocr_carea' id='block_1_43' title="bbox 219 1952 1009 1990">
    <p class='ocr_par' dir='ltr' id='par_1_43' title="bbox 219 1952 1009 1990">
     <span class='ocr_line' id='line_1_43' title="bbox 219 1952 1009 1990; baseline -0.003 -9"><span class='ocrx_word' id='word_1_274' title='bbox 219 1962 283 1981; x_wconf 92' lang='lat' dir='ltr'><strong>cum</strong></span> <span class='ocrx_word' id='word_1_275' title='bbox 308 1954 336 1981; x_wconf 89' lang='lat' dir='ltr'><strong>in</strong></span> <span class='ocrx_word' id='word_1_276' title='bbox 360 1953 550 1990; x_wconf 86' lang='lat' dir='ltr'><strong>gubernando,</strong></span> <span class='ocrx_word' id='word_1_277' title='bbox 570 1957 627 1980; x_wconf 90' lang='lat' dir='ltr'><strong>tum</strong></span> <span class='ocrx_word' id='word_1_278' title='bbox 648 1953 676 1980; x_wconf 93' lang='lat' dir='ltr'><strong>in</strong></span> <span class='ocrx_word' id='word_1_279' title='bbox 699 1952 837 1988; x_wconf 85' lang='lat' dir='ltr'><strong>pascendo</strong></span> <span class='ocrx_word' id='word_1_280' title='bbox 856 1960 937 1988; x_wconf 82' lang='lat' dir='ltr'><strong>grege</strong></span> <span class='ocrx_word' id='word_1_281' title='bbox 956 1952 1009 1979; x_wconf 84' lang='lat' dir='ltr'><strong>sibi</strong></span> 
     </span>
    </p>
   </div>
   <div class='ocr_carea' id='block_1_44' title="bbox 220 1999 1011 2035">
    <p class='ocr_par' dir='ltr' id='par_1_44' title="bbox 220 1999 1011 2035">
     <span class='ocr_line' id='line_1_44' title="bbox 220 1999 1011 2035; baseline -0.003 -8"><span class='ocrx_word' id='word_1_282' title='bbox 220 1999 380 2027; x_wconf 76' lang='lat' dir='ltr'><strong>concredito</strong></span> <span class='ocrx_word' id='word_1_283' title='bbox 401 2007 468 2027; x_wconf 83' lang='lat' dir='ltr'><strong>usus</strong></span> <span class='ocrx_word' id='word_1_284' title='bbox 492 2003 545 2032; x_wconf 86' lang='lat' dir='ltr'><strong>est,</strong></span> <span class='ocrx_word' id='word_1_285' title='bbox 560 2000 660 2035; x_wconf 88' lang='lat' dir='ltr'><strong>quibus</strong></span> <span class='ocrx_word' id='word_1_286' title='bbox 687 2007 736 2034; x_wconf 90' lang='lat' dir='ltr'><strong>pro</strong></span> <span class='ocrx_word' id='word_1_287' title='bbox 751 1999 884 2034; x_wconf 78' lang='lat' dir='ltr'><strong>dignitate</strong></span> <span class='ocrx_word' id='word_1_288' title='bbox 910 2005 1011 2025; x_wconf 87' lang='lat' dir='ltr'><strong>ornare</strong></span> 
     </span>
    </p>
   </div>
   <div class='ocr_carea' id='block_1_45' title="bbox 219 2045 1010 2082">
    <p class='ocr_par' dir='ltr' id='par_1_45' title="bbox 219 2045 1010 2082">
     <span class='ocr_line' id='line_1_45' title="bbox 219 2045 1010 2082; baseline -0.001 -9"><span class='ocrx_word' id='word_1_289' title='bbox 219 2045 351 2073; x_wconf 86' lang='lat' dir='ltr'><strong>laudibus</strong></span> <span class='ocrx_word' id='word_1_290' title='bbox 374 2047 504 2082; x_wconf 87' lang='lat' dir='ltr'><strong>possem?</strong></span> <span class='ocrx_word' id='word_1_291' title='bbox 524 2054 557 2073; x_wconf 84' lang='lat' dir='ltr'><strong>ex</strong></span> <span class='ocrx_word' id='word_1_292' title='bbox 575 2054 630 2081; x_wconf 89' lang='lat' dir='ltr'><strong>quo</strong></span> <span class='ocrx_word' id='word_1_293' title='bbox 644 2046 716 2073; x_wconf 90' lang='lat' dir='ltr'><strong>enim</strong></span> <span class='ocrx_word' id='word_1_294' title='bbox 736 2046 819 2081; x_wconf 88' lang='lat' dir='ltr'><strong>puppi</strong></span> <span class='ocrx_word' id='word_1_295' title='bbox 843 2045 1010 2080; x_wconf 77' lang='lat' dir='ltr'><strong>gubernator</strong></span> 
     </span>
    </p>
   </div>
   <div class='ocr_carea' id='block_1_46' title="bbox 220 2090 1011 2126">
    <p class='ocr_par' dir='ltr' id='par_1_46' title="bbox 220 2090 1011 2126">
     <span class='ocr_line' id='line_1_46' title="bbox 220 2090 1011 2126; baseline -0.001 -8"><span class='ocrx_word' id='word_1_296' title='bbox 220 2091 333 2124; x_wconf 80' lang='lat' dir='ltr'><strong>insedit,</strong></span> <span class='ocrx_word' id='word_1_297' title='bbox 349 2091 520 2126; x_wconf 88' lang='lat' dir='ltr'><strong>apprehenso</strong></span> <span class='ocrx_word' id='word_1_298' title='bbox 547 2094 657 2118; x_wconf 88' lang='lat' dir='ltr'><strong>temone</strong></span> <span class='ocrx_word' id='word_1_299' title='bbox 673 2091 793 2125; x_wconf 86' lang='lat' dir='ltr'><strong>undique</strong></span> <span class='ocrx_word' id='word_1_300' title='bbox 813 2094 957 2118; x_wconf 79' lang='lat' dir='ltr'><strong>ventorum</strong></span> <span class='ocrx_word' id='word_1_301' title='bbox 971 2090 1011 2117; x_wconf 88' lang='lat' dir='ltr'><strong>in-</strong></span> 
     </span>
    </p>
   </div>
   <div class='ocr_carea' id='block_1_47' title="bbox 220 2135 1010 2171">
    <p class='ocr_par' dir='ltr' id='par_1_47' title="bbox 220 2135 1010 2171">
     <span class='ocr_line' id='line_1_47' title="bbox 220 2135 1010 2171; baseline 0 -9"><span class='ocrx_word' id='word_1_302' title='bbox 220 2142 320 2163; x_wconf 89' lang='lat' dir='ltr'><strong>cursus</strong></span> <span class='ocrx_word' id='word_1_303' title='bbox 344 2135 489 2170; x_wconf 77' lang='lat' dir='ltr'><strong>vigilanter</strong></span> <span class='ocrx_word' id='word_1_304' title='bbox 520 2136 665 2170; x_wconf 81' lang='lat' dir='ltr'><strong>explorat,</strong></span> <span class='ocrx_word' id='word_1_305' title='bbox 701 2135 890 2170; x_wconf 88' lang='lat' dir='ltr'><strong>procellasque</strong></span> <span class='ocrx_word' id='word_1_306' title='bbox 914 2135 1010 2171; x_wconf 87' lang='lat' dir='ltr'><strong>procul</strong></span> 
     </span>
    </p>
   </div>
   <div class='ocr_carea' id='block_1_48' title="bbox 220 2179 1008 2216">
    <p class='ocr_par' dir='ltr' id='par_1_48' title="bbox 220 2179 1008 2216">
     <span class='ocr_line' id='line_1_48' title="bbox 220 2179 1008 2216; baseline 0 -9"><span class='ocrx_word' id='word_1_307' title='bbox 220 2180 330 2216; x_wconf 89' lang='lat' dir='ltr'><strong>quidem</strong></span> <span class='ocrx_word' id='word_1_308' title='bbox 343 2187 375 2207; x_wconf 87' lang='lat' dir='ltr'><strong>ac</strong></span> <span class='ocrx_word' id='word_1_309' title='bbox 390 2188 461 2215; x_wconf 66' lang='lat' dir='ltr'><strong>saepe</strong></span> <span class='ocrx_word' id='word_1_310' title='bbox 474 2179 556 2207; x_wconf 89' lang='lat' dir='ltr'><strong>etiam</strong></span> <span class='ocrx_word' id='word_1_311' title='bbox 573 2180 696 2215; x_wconf 80' lang='lat' dir='ltr'><strong>proxime</strong></span> <span class='ocrx_word' id='word_1_312' title='bbox 712 2180 849 2208; x_wconf 88' lang='lat' dir='ltr'><strong>irruentes</strong></span> <span class='ocrx_word' id='word_1_313' title='bbox 865 2183 1008 2215; x_wconf 63' lang='lat' dir='ltr'><strong>praecavet,</strong></span> 
     </span>
    </p>
   </div>
   <div class='ocr_carea' id='block_1_49' title="bbox 220 2226 1046 2262">
    <p class='ocr_par' dir='ltr' id='par_1_49' title="bbox 220 2226 1046 2262">
     <span class='ocr_line' id='line_1_49' title="bbox 220 2226 1046 2262; baseline 0 -8"><span class='ocrx_word' id='word_1_314' title='bbox 220 2231 402 2262; x_wconf 87' lang='lat' dir='ltr'><strong>vectoresque</strong></span> <span class='ocrx_word' id='word_1_315' title='bbox 418 2230 492 2254; x_wconf 91' lang='lat' dir='ltr'><strong>tutos</strong></span> <span class='ocrx_word' id='word_1_316' title='bbox 507 2226 607 2259; x_wconf 87' lang='lat' dir='ltr'><strong>reddit,</strong></span> <span class='ocrx_word' id='word_1_317' title='bbox 636 2226 754 2254; x_wconf 89' lang='lat' dir='ltr'><strong>turbinis</strong></span> <span class='ocrx_word' id='word_1_318' title='bbox 771 2227 943 2255; x_wconf 88' lang='lat' dir='ltr'><strong>incursiones</strong></span> <span class='ocrx_word' id='word_1_319' title='bbox 960 2234 1007 2254; x_wconf 77' lang='lat' dir='ltr'><strong>an~</strong></span> <span class='ocrx_word' id='word_1_320' title='bbox 1024 2232 1046 2259; x_wconf 85' lang='grc' dir='ltr'>ι)</span> 
     </span>
    </p>
   </div>
   <div class='ocr_carea' id='block_1_50' title="bbox 220 2272 1007 2308">
    <p class='ocr_par' dir='ltr' id='par_1_50' title="bbox 220 2272 1007 2308">
     <span class='ocr_line' id='line_1_50' title="bbox 220 2272 1007 2308; baseline -0.001 -7"><span class='ocrx_word' id='word_1_321' title='bbox 220 2273 329 2301; x_wconf 81' lang='lat' dir='ltr'><strong>tevertit</strong></span> <span class='ocrx_word' id='word_1_322' title='bbox 341 2294 348 2306; x_wconf 88' lang='lat'><strong>,</strong></span> <span class='ocrx_word' id='word_1_323' title='bbox 367 2272 530 2301; x_wconf 82' lang='lat' dir='ltr'><strong>rudentibus</strong></span> <span class='ocrx_word' id='word_1_324' title='bbox 544 2273 602 2301; x_wconf 86' lang='lat' dir='ltr'><strong>vela</strong></span> <span class='ocrx_word' id='word_1_325' title='bbox 618 2273 748 2301; x_wconf 88' lang='lat' dir='ltr'><strong>subducit</strong></span> <span class='ocrx_word' id='word_1_326' title='bbox 761 2293 769 2305; x_wconf 86' lang='lat'><strong>,</strong></span> <span class='ocrx_word' id='word_1_327' title='bbox 786 2277 869 2308; x_wconf 86' lang='lat' dir='ltr'><strong>atque</strong></span> <span class='ocrx_word' id='word_1_328' title='bbox 884 2273 1007 2300; x_wconf 88' lang='lat' dir='ltr'><strong>remittit.</strong></span> 
     </span>
    </p>
   </div>
   <div class='ocr_carea' id='block_1_51' title="bbox 255 2318 1011 2354">
    <p class='ocr_par' dir='ltr' id='par_1_51' title="bbox 255 2318 1011 2354">
     <span class='ocr_line' id='line_1_51' title="bbox 255 2318 1011 2354; baseline 0 -8"><span class='ocrx_word' id='word_1_329' title='bbox 255 2318 389 2346; x_wconf 62' lang='lat' dir='ltr'><strong>Caeterum</strong></span> <span class='ocrx_word' id='word_1_330' title='bbox 405 2318 438 2345; x_wconf 92' lang='lat' dir='ltr'><strong>ad</strong></span> <span class='ocrx_word' id='word_1_331' title='bbox 453 2318 588 2346; x_wconf 86' lang='lat' dir='ltr'><strong>secundos</strong></span> <span class='ocrx_word' id='word_1_332' title='bbox 609 2324 704 2347; x_wconf 82' lang='lat' dir='ltr'><strong>ventos</strong></span> <span class='ocrx_word' id='word_1_333' title='bbox 723 2320 836 2351; x_wconf 89' lang='lat' dir='ltr'><strong>attollit,</strong></span> <span class='ocrx_word' id='word_1_334' title='bbox 847 2322 1011 2354; x_wconf 77' lang='lat' dir='ltr'><strong>&#39;rursusque</strong></span> 
     </span>
    </p>
   </div>
   <div class='ocr_carea' id='block_1_52' title="bbox 220 2365 1010 2400">
    <p class='ocr_par' dir='ltr' id='par_1_52' title="bbox 220 2365 1010 2400">
     <span class='ocr_line' id='line_1_52' title="bbox 220 2365 1010 2400; baseline 0 -8"><span class='ocrx_word' id='word_1_335' title='bbox 220 2365 295 2392; x_wconf 89' lang='lat' dir='ltr'><strong>velut</strong></span> <span class='ocrx_word' id='word_1_336' title='bbox 310 2369 463 2400; x_wconf 86' lang='lat' dir='ltr'><strong>opportune</strong></span> <span class='ocrx_word' id='word_1_337' title='bbox 477 2365 614 2400; x_wconf 87' lang='lat' dir='ltr'><strong>aperiens,</strong></span> <span class='ocrx_word' id='word_1_338' title='bbox 632 2366 722 2393; x_wconf 87' lang='lat' dir='ltr'><strong>navim</strong></span> <span class='ocrx_word' id='word_1_339' title='bbox 738 2366 817 2392; x_wconf 90' lang='lat' dir='ltr'><strong>clavo</strong></span> <span class='ocrx_word' id='word_1_340' title='bbox 831 2365 944 2400; x_wconf 81' lang='lat' dir='ltr'><strong>subigit,</strong></span> <span class='ocrx_word' id='word_1_341' title='bbox 960 2373 1010 2392; x_wconf 85' lang='lat' dir='ltr'><strong>na-</strong></span> 
     </span>
    </p>
   </div>
   <div class='ocr_carea' id='block_1_53' title="bbox 219 2411 1010 2447">
    <p class='ocr_par' dir='ltr' id='par_1_53' title="bbox 219 2411 1010 2447">
     <span class='ocr_line' id='line_1_53' title="bbox 219 2411 1010 2447; baseline 0 -8"><span class='ocrx_word' id='word_1_342' title='bbox 219 2411 442 2446; x_wconf 84' lang='lat' dir='ltr'><strong>vigationemque</strong></span> <span class='ocrx_word' id='word_1_343' title='bbox 468 2411 562 2438; x_wconf 88' lang='lat' dir='ltr'><strong>carina</strong></span> <span class='ocrx_word' id='word_1_344' title='bbox 588 2413 659 2440; x_wconf 89' lang='lat' dir='ltr'><strong>unda</strong></span> <span class='ocrx_word' id='word_1_345' title='bbox 683 2416 859 2447; x_wconf 78' lang='lat' dir='ltr'><strong>personante,</strong></span> <span class='ocrx_word' id='word_1_346' title='bbox 875 2411 1010 2439; x_wconf 88' lang='lat' dir='ltr'><strong>secundo-</strong></span> 
     </span>
    </p>
   </div>
   <div class='ocr_carea' id='block_1_54' title="bbox 219 2456 1008 2493">
    <p class='ocr_par' dir='ltr' id='par_1_54' title="bbox 219 2456 1008 2493">
     <span class='ocr_line' id='line_1_54' title="bbox 219 2456 1008 2493; baseline 0.003 -9"><span class='ocrx_word' id='word_1_347' title='bbox 219 2464 275 2485; x_wconf 85' lang='lat' dir='ltr'><strong>aue</strong></span> <span class='ocrx_word' id='word_1_348' title='bbox 296 2457 324 2483; x_wconf 92' lang='lat' dir='ltr'><strong>in</strong></span> <span class='ocrx_word' id='word_1_349' title='bbox 347 2456 460 2490; x_wconf 88' lang='lat' dir='ltr'><strong>puppim</strong></span> <span class='ocrx_word' id='word_1_350' title='bbox 490 2461 571 2485; x_wconf 88' lang='lat' dir='ltr'><strong>vento</strong></span> <span class='ocrx_word' id='word_1_351' title='bbox 602 2459 772 2489; x_wconf 82' lang='lat' dir='ltr'><strong>exsulllante,</strong></span> <span class='ocrx_word' id='word_1_352' title='bbox 792 2459 871 2485; x_wconf 63' lang='lat' dir='ltr'><strong>laetus</strong></span> <span class='ocrx_word' id='word_1_353' title='bbox 893 2458 1008 2493; x_wconf 85' lang='lat' dir='ltr'><strong>perﬁcit.</strong></span> 
     </span>
    </p>
   </div>
   <div class='ocr_carea' id='block_1_55' title="bbox 221 2500 1011 2538">
    <p class='ocr_par' dir='ltr' id='par_1_55' title="bbox 221 2500 1011 2538">
     <span class='ocr_line' id='line_1_55' title="bbox 221 2500 1011 2538; baseline 0.004 -11"><span class='ocrx_word' id='word_1_354' title='bbox 221 2500 300 2534; x_wconf 76' lang='lat' dir='ltr'><strong>Quod</strong></span> <span class='ocrx_word' id='word_1_355' title='bbox 314 2500 338 2527; x_wconf 92' lang='lat' dir='ltr'><strong>si</strong></span> <span class='ocrx_word' id='word_1_356' title='bbox 350 2500 452 2528; x_wconf 91' lang='lat' dir='ltr'><strong>alicubi</strong></span> <span class='ocrx_word' id='word_1_357' title='bbox 465 2503 617 2537; x_wconf 87' lang='lat' dir='ltr'><strong>procellosa</strong></span> <span class='ocrx_word' id='word_1_358' title='bbox 640 2506 792 2538; x_wconf 79' lang='lat' dir='ltr'><strong>tempestas</strong></span> <span class='ocrx_word' id='word_1_359' title='bbox 816 2503 937 2538; x_wconf 77' lang='lat' dir='ltr'><strong>ingruat,</strong></span> <span class='ocrx_word' id='word_1_360' title='bbox 961 2511 1011 2530; x_wconf 89' lang='lat' dir='ltr'><strong>na-</strong></span> 
     </span>
    </p>
   </div>
   <div class='ocr_carea' id='block_1_56' title="bbox 222 2546 1010 2584">
    <p class='ocr_par' dir='ltr' id='par_1_56' title="bbox 222 2546 1010 2584">
     <span class='ocr_line' id='line_1_56' title="bbox 222 2546 1010 2584; baseline 0.006 -12"><span class='ocrx_word' id='word_1_361' title='bbox 222 2547 277 2573; x_wconf 81' lang='lat' dir='ltr'><strong>vim</strong></span> <span class='ocrx_word' id='word_1_362' title='bbox 289 2550 348 2573; x_wconf 87' lang='lat' dir='ltr'><strong>arte</strong></span> <span class='ocrx_word' id='word_1_363' title='bbox 360 2546 476 2581; x_wconf 88' lang='lat' dir='ltr'><strong>quadam</strong></span> <span class='ocrx_word' id='word_1_364' title='bbox 488 2549 620 2583; x_wconf 82' lang='lat' dir='ltr'><strong>singulari</strong></span> <span class='ocrx_word' id='word_1_365' title='bbox 634 2550 803 2584; x_wconf 82' lang='lat' dir='ltr'><strong>superiorem</strong></span> <span class='ocrx_word' id='word_1_366' title='bbox 815 2549 896 2577; x_wconf 88' lang='lat' dir='ltr'><strong>undis</strong></span> <span class='ocrx_word' id='word_1_367' title='bbox 907 2550 1010 2577; x_wconf 91' lang='lat' dir='ltr'><strong>consti-</strong></span> 
     </span>
    </p>
   </div>
   <div class='ocr_carea' id='block_1_57' title="bbox 223 2592 1010 2630">
    <p class='ocr_par' dir='ltr' id='par_1_57' title="bbox 223 2592 1010 2630">
     <span class='ocr_line' id='line_1_57' title="bbox 223 2592 1010 2630; baseline 0.004 -11"><span class='ocrx_word' id='word_1_368' title='bbox 223 2592 276 2619; x_wconf 87' lang='lat' dir='ltr'><strong>tuit</strong></span> <span class='ocrx_word' id='word_1_369' title='bbox 287 2597 314 2619; x_wconf 92' lang='lat' dir='ltr'><strong>et</strong></span> <span class='ocrx_word' id='word_1_370' title='bbox 329 2592 495 2620; x_wconf 87' lang='lat' dir='ltr'><strong>incolumem</strong></span> <span class='ocrx_word' id='word_1_371' title='bbox 507 2598 608 2622; x_wconf 88' lang='lat' dir='ltr'><strong>servat.</strong></span> <span class='ocrx_word' id='word_1_372' title='bbox 622 2595 656 2622; x_wconf 78' lang='lat' dir='ltr'><strong>At</strong></span> <span class='ocrx_word' id='word_1_373' title='bbox 666 2595 688 2623; x_wconf 92' lang='lat' dir='ltr'><strong>si</strong></span> <span class='ocrx_word' id='word_1_374' title='bbox 702 2595 813 2630; x_wconf 91' lang='lat' dir='ltr'><strong>quando</strong></span> <span class='ocrx_word' id='word_1_375' title='bbox 823 2596 897 2623; x_wconf 92' lang='lat' dir='ltr'><strong>venti</strong></span> <span class='ocrx_word' id='word_1_376' title='bbox 913 2595 1010 2623; x_wconf 82' lang='lat' dir='ltr'><strong>reilare</strong></span> 
     </span>
    </p>
   </div>
   <div class='ocr_carea' id='block_1_58' title="bbox 222 2638 1011 2676">
    <p class='ocr_par' dir='ltr' id='par_1_58' title="bbox 222 2638 1011 2676">
     <span class='ocr_line' id='line_1_58' title="bbox 222 2638 1011 2676; baseline 0.004 -10"><span class='ocrx_word' id='word_1_377' title='bbox 222 2638 365 2670; x_wconf 80' lang='lat' dir='ltr'><strong>desierint,</strong></span> <span class='ocrx_word' id='word_1_378' title='bbox 385 2638 493 2674; x_wconf 88' lang='lat' dir='ltr'><strong>altaque</strong></span> <span class='ocrx_word' id='word_1_379' title='bbox 509 2641 695 2676; x_wconf 83' lang='lat' dir='ltr'><strong>tranquillitas</strong></span> <span class='ocrx_word' id='word_1_380' title='bbox 720 2643 876 2669; x_wconf 89' lang='lat' dir='ltr'><strong>universam</strong></span> <span class='ocrx_word' id='word_1_381' title='bbox 898 2641 1011 2669; x_wconf 82' lang='lat' dir='ltr'><strong>sedave—</strong></span> 
     </span>
    </p>
   </div>
   <div class='ocr_carea' id='block_1_59' title="bbox 221 2687 1011 2723">
    <p class='ocr_par' dir='ltr' id='par_1_59' title="bbox 221 2687 1011 2723">
     <span class='ocr_line' id='line_1_59' title="bbox 221 2687 1011 2723; baseline 0.004 -10"><span class='ocrx_word' id='word_1_382' title='bbox 221 2692 258 2713; x_wconf 83' lang='grc' dir='ltr'><strong>τιι</strong></span> <span class='ocrx_word' id='word_1_383' title='bbox 271 2688 471 2721; x_wconf 86' lang='lat' dir='ltr'><strong>tempestatem,</strong></span> <span class='ocrx_word' id='word_1_384' title='bbox 488 2694 576 2722; x_wconf 82' lang='lat' dir='ltr'><strong>neque</strong></span> <span class='ocrx_word' id='word_1_385' title='bbox 591 2687 628 2714; x_wconf 88' lang='lat' dir='ltr'><strong>ita</strong></span> <span class='ocrx_word' id='word_1_386' title='bbox 644 2688 728 2723; x_wconf 86' lang='lat' dir='ltr'><strong>quieti</strong></span> <span class='ocrx_word' id='word_1_387' title='bbox 750 2696 779 2716; x_wconf 91' lang='lat' dir='ltr'><strong>se</strong></span> <span class='ocrx_word' id='word_1_388' title='bbox 797 2691 843 2714; x_wconf 89' lang='lat' dir='ltr'><strong>aut</strong></span> <span class='ocrx_word' id='word_1_389' title='bbox 857 2688 948 2723; x_wconf 89' lang='lat' dir='ltr'><strong>sopori</strong></span> <span class='ocrx_word' id='word_1_390' title='bbox 963 2688 1011 2716; x_wconf 72' lang='lat' dir='ltr'><strong>de-</strong></span> 
     </span>
    </p>
   </div>
   <div class='ocr_carea' id='block_1_60' title="bbox 223 2729 1008 2768">
    <p class='ocr_par' dir='ltr' id='par_1_60' title="bbox 223 2729 1008 2768">
     <span class='ocr_line' id='line_1_60' title="bbox 223 2729 1008 2768; baseline 0.004 -11"><span class='ocrx_word' id='word_1_391' title='bbox 223 2729 273 2762; x_wconf 86' lang='lat' dir='ltr'><strong>dlt,</strong></span> <span class='ocrx_word' id='word_1_392' title='bbox 289 2731 336 2758; x_wconf 89' lang='lat' dir='ltr'><strong>sed</strong></span> <span class='ocrx_word' id='word_1_393' title='bbox 351 2731 502 2767; x_wconf 81' lang='lat' dir='ltr'><strong>remigibus</strong></span> <span class='ocrx_word' id='word_1_394' title='bbox 522 2731 611 2759; x_wconf 87' lang='lat' dir='ltr'><strong>navim</strong></span> <span class='ocrx_word' id='word_1_395' title='bbox 635 2733 718 2760; x_wconf 85' lang='lat' dir='ltr'><strong>remis</strong></span> <span class='ocrx_word' id='word_1_396' title='bbox 746 2733 872 2768; x_wconf 90' lang='lat' dir='ltr'><strong>subigere</strong></span> <span class='ocrx_word' id='word_1_397' title='bbox 882 2733 1008 2768; x_wconf 88' lang='lat' dir='ltr'><strong>imperat,</strong></span> 
     </span>
    </p>
   </div>
   <div class='ocr_carea' id='block_1_61' title="bbox 223 2778 1010 2814">
    <p class='ocr_par' dir='ltr' id='par_1_61' title="bbox 223 2778 1010 2814">
     <span class='ocr_line' id='line_1_61' title="bbox 223 2778 1010 2814; baseline 0.005 -11"><span class='ocrx_word' id='word_1_398' title='bbox 223 2780 402 2812; x_wconf 75' lang='lat' dir='ltr'><strong>hortaturque</strong></span> <span class='ocrx_word' id='word_1_399' title='bbox 414 2778 527 2805; x_wconf 85' lang='lat' dir='ltr'><strong>omnino</strong></span> <span class='ocrx_word' id='word_1_400' title='bbox 547 2778 659 2814; x_wconf 88' lang='lat' dir='ltr'><strong>vigilare</strong></span> <span class='ocrx_word' id='word_1_401' title='bbox 671 2799 678 2811; x_wconf 94' lang='lat'><strong>,</strong></span> <span class='ocrx_word' id='word_1_402' title='bbox 699 2782 728 2806; x_wconf 93' lang='lat' dir='ltr'><strong>ut</strong></span> <span class='ocrx_word' id='word_1_403' title='bbox 743 2787 805 2806; x_wconf 90' lang='lat' dir='ltr'><strong>cum</strong></span> <span class='ocrx_word' id='word_1_404' title='bbox 823 2779 945 2814; x_wconf 88' lang='lat' dir='ltr'><strong>pericula</strong></span> <span class='ocrx_word' id='word_1_405' title='bbox 960 2788 1010 2807; x_wconf 89' lang='lat' dir='ltr'><strong>na-</strong></span> 
     </span>
    </p>
   </div>
   <div class='ocr_carea' id='block_1_62' title="bbox 221 2822 1009 2860">
    <p class='ocr_par' dir='ltr' id='par_1_62' title="bbox 221 2822 1009 2860">
     <span class='ocr_line' id='line_1_62' title="bbox 221 2822 1009 2860; baseline 0.005 -11"><span class='ocrx_word' id='word_1_406' title='bbox 221 2827 346 2852; x_wconf 63' lang='lat' dir='ltr'><strong>“nantes</strong></span> <span class='ocrx_word' id='word_1_407' title='bbox 357 2822 512 2858; x_wconf 75' lang='lat' dir='ltr'><strong>effugerint,</strong></span> <span class='ocrx_word' id='word_1_408' title='bbox 527 2828 637 2859; x_wconf 82' lang='lat' dir='ltr'><strong>peracta</strong></span> <span class='ocrx_word' id='word_1_409' title='bbox 653 2825 828 2860; x_wconf 78' lang='lat' dir='ltr'><strong>navigatione</strong></span> <span class='ocrx_word' id='word_1_410' title='bbox 848 2833 911 2852; x_wconf 92' lang='lat' dir='ltr'><strong>cum</strong></span> <span class='ocrx_word' id='word_1_411' title='bbox 935 2833 1009 2853; x_wconf 52' lang='lat' dir='ltr'><strong>mer.</strong></span> 
     </span>
    </p>
   </div>
   <div class='ocr_carea' id='block_1_63' title="bbox 221 2867 1009 2908">
    <p class='ocr_par' dir='ltr' id='par_1_63' title="bbox 221 2867 1009 2908">
     <span class='ocr_line' id='line_1_63' title="bbox 221 2867 1009 2908; baseline 0.009 -14"><span class='ocrx_word' id='word_1_412' title='bbox 221 2867 299 2896; x_wconf 85' lang='lat' dir='ltr'><strong>cibus</strong></span> <span class='ocrx_word' id='word_1_413' title='bbox 310 2872 421 2905; x_wconf 85' lang='lat' dir='ltr'><strong>portum</strong></span> <span class='ocrx_word' id='word_1_414' title='bbox 446 2871 550 2899; x_wconf 83' lang='lat' dir='ltr'><strong>intrare</strong></span> <span class='ocrx_word' id='word_1_415' title='bbox 564 2869 681 2900; x_wconf 80' lang='lat' dir='ltr'><strong>feliciter</strong></span> <span class='ocrx_word' id='word_1_416' title='bbox 705 2873 823 2908; x_wconf 82' lang='lat' dir='ltr'><strong>possint.</strong></span> <span class='ocrx_word' id='word_1_417' title='bbox 840 2871 900 2901; x_wconf 86' lang='lat' dir='ltr'><strong>Non</strong></span> <span class='ocrx_word' id='word_1_418' title='bbox 929 2880 1009 2901; x_wconf 87' lang='lat' dir='ltr'><strong>secus</strong></span> 
     </span>
    </p>
   </div>
   <div class='ocr_carea' id='block_1_64' title="bbox 1060 249 1849 286">
    <p class='ocr_par' dir='ltr' id='par_1_64' title="bbox 1060 249 1849 286">
     <span class='ocr_line' id='line_1_64' title="bbox 1060 249 1849 286; baseline 0 -10"><span class='ocrx_word' id='word_1_419' title='bbox 1060 257 1114 276; x_wconf 89' lang='grc' dir='ltr'><strong>σων</strong></span> <span class='ocrx_word' id='word_1_420' title='bbox 1131 249 1257 285; x_wconf 83' lang='grc' dir='ltr'><strong>θεωρίαν,</strong></span> <span class='ocrx_word' id='word_1_421' title='bbox 1270 250 1336 286; x_wconf 84' lang='grc' dir='ltr'>ἐρεῖ·</span> <span class='ocrx_word' id='word_1_422' title='bbox 1355 259 1364 275; x_wconf 85' lang='grc' dir='ltr'><strong>ι</strong></span> <span class='ocrx_word' id='word_1_423' title='bbox 1379 249 1482 276; x_wconf 82' lang='grc' dir='ltr'>Οὐκοῦν</span> <span class='ocrx_word' id='word_1_424' title='bbox 1493 251 1509 285; x_wconf 85' lang='grc' dir='ltr'>ἡ</span> <span class='ocrx_word' id='word_1_425' title='bbox 1521 249 1647 285; x_wconf 77' lang='grc' dir='ltr'><strong>θειοτάτη</strong></span> <span class='ocrx_word' id='word_1_426' title='bbox 1662 249 1717 276; x_wconf 85' lang='grc' dir='ltr'><strong>τῶν</strong></span> <span class='ocrx_word' id='word_1_427' title='bbox 1733 250 1849 285; x_wconf 80' lang='grc' dir='ltr'>ὑπέρου-</span> 
     </span>
    </p>
   </div>
   <div class='ocr_carea' id='block_1_65' title="bbox 1059 296 1848 336">
    <p class='ocr_par' dir='ltr' id='par_1_65' title="bbox 1059 296 1848 336">
     <span class='ocr_line' id='line_1_65' title="bbox 1059 296 1848 336; baseline 0.001 -14"><span class='ocrx_word' id='word_1_428' title='bbox 1059 296 1158 332; x_wconf 88' lang='grc' dir='ltr'>ρανίων</span> <span class='ocrx_word' id='word_1_429' title='bbox 1174 296 1271 323; x_wconf 83' lang='grc' dir='ltr'><strong>οὐσιῶν</strong></span> <span class='ocrx_word' id='word_1_430' title='bbox 1287 296 1362 328; x_wconf 80' lang='grc' dir='ltr'><strong>τάξις</strong></span> <span class='ocrx_word' id='word_1_431' title='bbox 1379 297 1428 323; x_wconf 77' lang='grc' dir='ltr'>οὐκ</span> <span class='ocrx_word' id='word_1_432' title='bbox 1446 297 1569 336; x_wconf 60' lang='grc' dir='ltr'>ῂγνόηκε</span> <span class='ocrx_word' id='word_1_433' title='bbox 1593 297 1640 324; x_wconf 77' lang='grc' dir='ltr'>τὸν</span> <span class='ocrx_word' id='word_1_434' title='bbox 1662 297 1848 333; x_wconf 85' lang='grc' dir='ltr'>θεαρχικώτα-</span> 
     </span>
    </p>
   </div>
   <div class='ocr_carea' id='block_1_66' title="bbox 1057 341 1848 378">
    <p class='ocr_par' dir='ltr' id='par_1_66' title="bbox 1057 341 1848 378">
     <span class='ocr_line' id='line_1_66' title="bbox 1057 341 1848 378; baseline -0.001 -9"><span class='ocrx_word' id='word_1_435' title='bbox 1057 351 1104 369; x_wconf 85' lang='grc' dir='ltr'><strong>τον</strong></span> <span class='ocrx_word' id='word_1_436' title='bbox 1127 342 1229 377; x_wconf 80' lang='grc' dir='ltr'><strong>Ἰησοῦν</strong></span> <span class='ocrx_word' id='word_1_437' title='bbox 1246 343 1286 374; x_wconf 87' lang='grc' dir='ltr'><strong>είς</strong></span> <span class='ocrx_word' id='word_1_438' title='bbox 1308 342 1338 369; x_wconf 69' lang='grc' dir='ltr'><strong>τὺ</strong></span> <span class='ocrx_word' id='word_1_439' title='bbox 1363 341 1524 377; x_wconf 79' lang='grc' dir='ltr'>άγιάζεσθαι</span> <span class='ocrx_word' id='word_1_440' title='bbox 1549 342 1760 378; x_wconf 80' lang='grc' dir='ltr'><strong>κατεληλυθότα.</strong></span> <span class='ocrx_word' id='word_1_441' title='bbox 1785 343 1848 370; x_wconf 79' lang='grc' dir='ltr'>Νοεῖ</span> 
     </span>
    </p>
   </div>
   <div class='ocr_carea' id='block_1_67' title="bbox 1058 387 1847 424">
    <p class='ocr_par' dir='ltr' id='par_1_67' title="bbox 1058 387 1847 424">
     <span class='ocr_line' id='line_1_67' title="bbox 1058 387 1847 424; baseline 0.003 -11"><span class='ocrx_word' id='word_1_442' title='bbox 1058 387 1086 413; x_wconf 86' lang='grc' dir='ltr'><strong>δέ</strong></span> <span class='ocrx_word' id='word_1_443' title='bbox 1102 387 1183 414; x_wconf 83' lang='grc' dir='ltr'>αὑτὸν</span> <span class='ocrx_word' id='word_1_444' title='bbox 1200 388 1281 424; x_wconf 82' lang='grc' dir='ltr'>ίερῶς</span> <span class='ocrx_word' id='word_1_445' title='bbox 1297 389 1326 415; x_wconf 87' lang='grc' dir='ltr'><strong>ἐν</strong></span> <span class='ocrx_word' id='word_1_446' title='bbox 1343 390 1399 420; x_wconf 85' lang='grc' dir='ltr'>τοῖς</span> <span class='ocrx_word' id='word_1_447' title='bbox 1417 388 1477 415; x_wconf 85' lang='grc' dir='ltr'>καθ’</span> <span class='ocrx_word' id='word_1_448' title='bbox 1487 389 1561 424; x_wconf 84' lang='grc' dir='ltr'>ἡμᾶς</span> <span class='ocrx_word' id='word_1_449' title='bbox 1574 388 1671 416; x_wconf 81' lang='grc' dir='ltr'>ἐαυτὸν</span> <span class='ocrx_word' id='word_1_450' title='bbox 1687 389 1789 423; x_wconf 84' lang='grc' dir='ltr'><strong>ὑφέντα</strong></span> <span class='ocrx_word' id='word_1_451' title='bbox 1804 388 1847 416; x_wconf 86' lang='grc' dir='ltr'><strong>δια</strong></span> 
     </span>
    </p>
   </div>
   <div class='ocr_carea' id='block_1_68' title="bbox 1059 433 1848 471">
    <p class='ocr_par' dir='ltr' id='par_1_68' title="bbox 1059 433 1848 471">
     <span class='ocr_line' id='line_1_68' title="bbox 1059 433 1848 471; baseline 0.004 -12"><span class='ocrx_word' id='word_1_452' title='bbox 1059 433 1133 460; x_wconf 80' lang='grc' dir='ltr'>θείαν</span> <span class='ocrx_word' id='word_1_453' title='bbox 1149 434 1195 460; x_wconf 81' lang='grc' dir='ltr'>καὶ</span> <span class='ocrx_word' id='word_1_454' title='bbox 1211 434 1328 470; x_wconf 68' lang='grc' dir='ltr'>ἄρρητον</span> <span class='ocrx_word' id='word_1_455' title='bbox 1344 434 1510 470; x_wconf 85' lang='grc' dir='ltr'>ἀγαθότητα,</span> <span class='ocrx_word' id='word_1_456' title='bbox 1529 435 1575 461; x_wconf 76' lang='grc' dir='ltr'><strong>καὶ</strong></span> <span class='ocrx_word' id='word_1_457' title='bbox 1592 435 1661 471; x_wconf 79' lang='grc' dir='ltr'>πρὸς</span> <span class='ocrx_word' id='word_1_458' title='bbox 1677 435 1724 462; x_wconf 83' lang='grc' dir='ltr'>τοῦ</span> <span class='ocrx_word' id='word_1_459' title='bbox 1740 435 1848 471; x_wconf 65' lang='grc' dir='ltr'>Πατρός</span> 
     </span>
    </p>
   </div>
   <div class='ocr_carea' id='block_1_69' title="bbox 1058 479 1852 517">
    <p class='ocr_par' dir='ltr' id='par_1_69' title="bbox 1058 479 1852 517">
     <span class='ocr_line' id='line_1_69' title="bbox 1058 479 1852 517; baseline 0.003 -12"><span class='ocrx_word' id='word_1_460' title='bbox 1058 479 1155 506; x_wconf 83' lang='grc' dir='ltr'>ἐαυτοῦ</span> <span class='ocrx_word' id='word_1_461' title='bbox 1172 488 1202 506; x_wconf 92' lang='grc' dir='ltr'><strong>τε</strong></span> <span class='ocrx_word' id='word_1_462' title='bbox 1219 480 1266 506; x_wconf 76' lang='grc' dir='ltr'>καὶ</span> <span class='ocrx_word' id='word_1_463' title='bbox 1282 480 1329 506; x_wconf 81' lang='grc' dir='ltr'><strong>τοῦ</strong></span> <span class='ocrx_word' id='word_1_464' title='bbox 1346 480 1504 516; x_wconf 75' lang='grc' dir='ltr'>Πνεύματος</span> <span class='ocrx_word' id='word_1_465' title='bbox 1521 481 1763 517; x_wconf 85' lang='grc' dir='ltr'>ἀνθρωποπρεπῶς</span> <span class='ocrx_word' id='word_1_466' title='bbox 1775 481 1852 516; x_wconf 84' lang='grc' dir='ltr'>ἁγια-</span> 
     </span>
    </p>
   </div>
   <div class='ocr_carea' id='block_1_70' title="bbox 1059 523 1847 562">
    <p class='ocr_par' dir='ltr' id='par_1_70' title="bbox 1059 523 1847 562">
     <span class='ocr_line' id='line_1_70' title="bbox 1059 523 1847 562; baseline 0.003 -11"><span class='ocrx_word' id='word_1_467' title='bbox 1059 524 1171 560; x_wconf 80' lang='grc' dir='ltr'>ζόμενον</span> <span class='ocrx_word' id='word_1_468' title='bbox 1187 525 1289 562; x_wconf 82' lang='grc' dir='ltr'>ὁρῶσα,</span> <span class='ocrx_word' id='word_1_469' title='bbox 1306 526 1356 561; x_wconf 82' lang='grc' dir='ltr'><strong>τὴν</strong></span> <span class='ocrx_word' id='word_1_470' title='bbox 1379 526 1483 552; x_wconf 80' lang='grc' dir='ltr'>οἰκείαν</span> <span class='ocrx_word' id='word_1_471' title='bbox 1500 524 1569 552; x_wconf 86' lang='grc' dir='ltr'>οἶδεν</span> <span class='ocrx_word' id='word_1_472' title='bbox 1585 526 1683 561; x_wconf 87' lang='grc' dir='ltr'>ἀρχὴν,</span> <span class='ocrx_word' id='word_1_473' title='bbox 1708 527 1737 552; x_wconf 86' lang='grc' dir='ltr'><strong>ἐν</strong></span> <span class='ocrx_word' id='word_1_474' title='bbox 1754 523 1796 558; x_wconf 79' lang='grc' dir='ltr'>οἷς</span> <span class='ocrx_word' id='word_1_475' title='bbox 1813 526 1847 553; x_wconf 85' lang='grc' dir='ltr'>ἂν</span> 
     </span>
    </p>
   </div>
   <div class='ocr_carea' id='block_1_71' title="bbox 1058 571 1846 609">
    <p class='ocr_par' dir='ltr' id='par_1_71' title="bbox 1058 571 1846 609">
     <span class='ocr_line' id='line_1_71' title="bbox 1058 571 1846 609; baseline -0.003 -10"><span class='ocrx_word' id='word_1_476' title='bbox 1058 572 1211 609; x_wconf 78' lang='grc' dir='ltr'>θεαρχικῶς</span> <span class='ocrx_word' id='word_1_477' title='bbox 1226 572 1278 608; x_wconf 89' lang='grc' dir='ltr'>δρᾷ</span> <span class='ocrx_word' id='word_1_478' title='bbox 1293 571 1324 598; x_wconf 72' lang='grc' dir='ltr'><strong>τὸ</strong></span> <span class='ocrx_word' id='word_1_479' title='bbox 1347 572 1408 598; x_wconf 79' lang='grc' dir='ltr'>κατ’</span> <span class='ocrx_word' id='word_1_480' title='bbox 1423 571 1518 598; x_wconf 83' lang='grc' dir='ltr'>οὐσίαν</span> <span class='ocrx_word' id='word_1_481' title='bbox 1540 571 1720 598; x_wconf 79' lang='grc' dir='ltr'><strong>ἀναλλοίωτον</strong></span> <span class='ocrx_word' id='word_1_482' title='bbox 1737 571 1846 606; x_wconf 78' lang='grc' dir='ltr'>ἔχουσα.</span> 
     </span>
    </p>
   </div>
   <div class='ocr_carea' id='block_1_72' title="bbox 1059 616 1848 654">
    <p class='ocr_par' dir='ltr' id='par_1_72' title="bbox 1059 616 1848 654">
     <span class='ocr_line' id='line_1_72' title="bbox 1059 616 1848 654; baseline -0.003 -9"><span class='ocrx_word' id='word_1_483' title='bbox 1059 619 1140 646; x_wconf 84' lang='grc' dir='ltr'>Ὅθεν</span> <span class='ocrx_word' id='word_1_484' title='bbox 1157 620 1173 654; x_wconf 84' lang='grc' dir='ltr'>ἡ</span> <span class='ocrx_word' id='word_1_485' title='bbox 1190 618 1245 645; x_wconf 83' lang='grc' dir='ltr'>τῶν</span> <span class='ocrx_word' id='word_1_486' title='bbox 1262 618 1342 654; x_wconf 81' lang='grc' dir='ltr'>ἱερῶν</span> <span class='ocrx_word' id='word_1_487' title='bbox 1356 618 1496 654; x_wconf 75' lang='grc' dir='ltr'>συμϐόλων</span> <span class='ocrx_word' id='word_1_488' title='bbox 1514 617 1661 654; x_wconf 76' lang='grc' dir='ltr'><strong>παράδοσις</strong></span> <span class='ocrx_word' id='word_1_489' title='bbox 1677 616 1848 652; x_wconf 78' lang='grc' dir='ltr'>ἁγιαζομένῳ</span> 
     </span>
    </p>
   </div>
   <div class='ocr_carea' id='block_1_73' title="bbox 1058 662 1849 700">
    <p class='ocr_par' dir='ltr' id='par_1_73' title="bbox 1058 662 1849 700">
     <span class='ocr_line' id='line_1_73' title="bbox 1058 662 1849 700; baseline -0.003 -8"><span class='ocrx_word' id='word_1_490' title='bbox 1058 664 1098 700; x_wconf 82' lang='grc' dir='ltr'>τῷ</span> <span class='ocrx_word' id='word_1_491' title='bbox 1119 665 1183 700; x_wconf 83' lang='grc' dir='ltr'>θείῳ</span> <span class='ocrx_word' id='word_1_492' title='bbox 1212 664 1290 700; x_wconf 85' lang='grc' dir='ltr'><strong>μύρῳ</strong></span> <span class='ocrx_word' id='word_1_493' title='bbox 1306 665 1369 696; x_wconf 82' lang='grc' dir='ltr'>τοὺς</span> <span class='ocrx_word' id='word_1_494' title='bbox 1387 664 1508 700; x_wconf 71' lang='grc' dir='ltr'>σεραφὶμ</span> <span class='ocrx_word' id='word_1_495' title='bbox 1525 663 1707 699; x_wconf 81' lang='grc' dir='ltr'>περιίστησιν,</span> <span class='ocrx_word' id='word_1_496' title='bbox 1724 662 1849 700; x_wconf 78' lang='grc' dir='ltr'>ἀπαράλ-</span> 
     </span>
    </p>
   </div>
   <div class='ocr_carea' id='block_1_74' title="bbox 1058 709 1848 747">
    <p class='ocr_par' dir='ltr' id='par_1_74' title="bbox 1058 709 1848 747">
     <span class='ocr_line' id='line_1_74' title="bbox 1058 709 1848 747; baseline -0.003 -9"><span class='ocrx_word' id='word_1_497' title='bbox 1058 711 1156 738; x_wconf 87' lang='grc' dir='ltr'>λακτον</span> <span class='ocrx_word' id='word_1_498' title='bbox 1182 710 1267 737; x_wconf 76' lang='grc' dir='ltr'>εἰδυῖα</span> <span class='ocrx_word' id='word_1_499' title='bbox 1293 711 1339 737; x_wconf 77' lang='grc' dir='ltr'>καὶ</span> <span class='ocrx_word' id='word_1_500' title='bbox 1363 711 1549 747; x_wconf 85' lang='grc' dir='ltr'>διαγράφουσα</span> <span class='ocrx_word' id='word_1_501' title='bbox 1565 710 1611 736; x_wconf 80' lang='grc' dir='ltr'>τὸν</span> <span class='ocrx_word' id='word_1_502' title='bbox 1636 709 1754 745; x_wconf 74' lang='grc' dir='ltr'>Χριστὸν</span> <span class='ocrx_word' id='word_1_503' title='bbox 1771 711 1800 737; x_wconf 86' lang='grc' dir='ltr'><strong>ἐν</strong></span> <span class='ocrx_word' id='word_1_504' title='bbox 1814 711 1848 745; x_wconf 77' lang='grc' dir='ltr'><strong>τῇ</strong></span> 
     </span>
    </p>
   </div>
   <div class='ocr_carea' id='block_1_75' title="bbox 1059 755 1849 792">
    <p class='ocr_par' dir='ltr' id='par_1_75' title="bbox 1059 755 1849 792">
     <span class='ocr_line' id='line_1_75' title="bbox 1059 755 1849 792; baseline -0.004 -8"><span class='ocrx_word' id='word_1_505' title='bbox 1059 757 1120 784; x_wconf 84' lang='grc' dir='ltr'>καθ’</span> <span class='ocrx_word' id='word_1_506' title='bbox 1137 757 1210 792; x_wconf 79' lang='grc' dir='ltr'>ἡμᾶς</span> <span class='ocrx_word' id='word_1_507' title='bbox 1227 756 1304 792; x_wconf 82' lang='grc' dir='ltr'>ὑλικῇ</span> <span class='ocrx_word' id='word_1_508' title='bbox 1327 756 1395 792; x_wconf 82' lang='grc' dir='ltr'>πρὸς</span> <span class='ocrx_word' id='word_1_509' title='bbox 1413 756 1540 791; x_wconf 82' lang='grc' dir='ltr'>ἀλήθειαν</span> <span class='ocrx_word' id='word_1_510' title='bbox 1557 755 1771 791; x_wconf 80' lang='grc' dir='ltr'>ἐνανθρωπήσει.</span> <span class='ocrx_word' id='word_1_511' title='bbox 1786 764 1797 781; x_wconf 73' lang='grc' dir='ltr'><strong>ι</strong></span> <span class='ocrx_word' id='word_1_512' title='bbox 1817 756 1849 781; x_wconf 83' lang='grc' dir='ltr'>Ὢ</span> 
     </span>
    </p>
   </div>
   <div class='ocr_carea' id='block_1_76' title="bbox 1058 801 1848 839">
    <p class='ocr_par' dir='ltr' id='par_1_76' title="bbox 1058 801 1848 839">
     <span class='ocr_line' id='line_1_76' title="bbox 1058 801 1848 839; baseline -0.004 -9"><span class='ocrx_word' id='word_1_513' title='bbox 1058 803 1113 830; x_wconf 82' lang='grc' dir='ltr'>τῶν</span> <span class='ocrx_word' id='word_1_514' title='bbox 1140 803 1358 839; x_wconf 88' lang='grc' dir='ltr'>μακαριωτάτων</span> <span class='ocrx_word' id='word_1_515' title='bbox 1380 802 1491 838; x_wconf 78' lang='grc' dir='ltr'><strong>χειλέων</strong></span> <span class='ocrx_word' id='word_1_516' title='bbox 1514 802 1569 829; x_wconf 83' lang='grc' dir='ltr'>τῶν</span> <span class='ocrx_word' id='word_1_517' title='bbox 1589 801 1675 828; x_wconf 81' lang='grc' dir='ltr'>ταῦτα</span> <span class='ocrx_word' id='word_1_518' title='bbox 1691 801 1848 837; x_wconf 79' lang='grc' dir='ltr'>φθεγξαμέ-</span> 
     </span>
    </p>
   </div>
   <div class='ocr_carea' id='block_1_77' title="bbox 1059 847 1850 884">
    <p class='ocr_par' dir='ltr' id='par_1_77' title="bbox 1059 847 1850 884">
     <span class='ocr_line' id='line_1_77' title="bbox 1059 847 1850 884; baseline -0.005 -8"><span class='ocrx_word' id='word_1_519' title='bbox 1059 850 1129 876; x_wconf 75' lang='grc' dir='ltr'>νωνί</span> <span class='ocrx_word' id='word_1_520' title='bbox 1146 849 1184 881; x_wconf 86' lang='grc' dir='ltr'>ὡς</span> <span class='ocrx_word' id='word_1_521' title='bbox 1200 848 1307 884; x_wconf 80' lang='grc' dir='ltr'>ἀληθῶς</span> <span class='ocrx_word' id='word_1_522' title='bbox 1322 850 1350 875; x_wconf 84' lang='grc' dir='ltr'><strong>ἐν</strong></span> <span class='ocrx_word' id='word_1_523' title='bbox 1367 849 1457 880; x_wconf 78' lang='grc' dir='ltr'>αὐτοῖς</span> <span class='ocrx_word' id='word_1_524' title='bbox 1472 848 1519 874; x_wconf 85' lang='grc' dir='ltr'>τοῦ</span> <span class='ocrx_word' id='word_1_525' title='bbox 1537 847 1714 884; x_wconf 82' lang='grc' dir='ltr'>Παρακλήτου</span> <span class='ocrx_word' id='word_1_526' title='bbox 1730 847 1786 873; x_wconf 86' lang='grc' dir='ltr'><strong>τῶν</strong></span> <span class='ocrx_word' id='word_1_527' title='bbox 1802 856 1850 882; x_wconf 86' lang='grc' dir='ltr'>χα-</span> 
     </span>
    </p>
   </div>
   <div class='ocr_carea' id='block_1_78' title="bbox 1062 893 1850 932">
    <p class='ocr_par' dir='ltr' id='par_1_78' title="bbox 1062 893 1850 932">
     <span class='ocr_line' id='line_1_78' title="bbox 1062 893 1850 932; baseline -0.004 -10"><span class='ocrx_word' id='word_1_528' title='bbox 1062 895 1211 932; x_wconf 85' lang='grc' dir='ltr'>ρισμάτων,</span> <span class='ocrx_word' id='word_1_529' title='bbox 1237 895 1299 922; x_wconf 78' lang='grc' dir='ltr'>ὅθεν</span> <span class='ocrx_word' id='word_1_530' title='bbox 1321 896 1348 921; x_wconf 83' lang='grc' dir='ltr'>αἱ</span> <span class='ocrx_word' id='word_1_531' title='bbox 1373 894 1472 931; x_wconf 73' lang='grc' dir='ltr'>δωρεαὶ</span> <span class='ocrx_word' id='word_1_532' title='bbox 1488 896 1545 926; x_wconf 87' lang='grc' dir='ltr'>τοῖς</span> <span class='ocrx_word' id='word_1_533' title='bbox 1562 893 1681 925; x_wconf 84' lang='grc' dir='ltr'>θειωδῶς</span> <span class='ocrx_word' id='word_1_534' title='bbox 1696 893 1786 928; x_wconf 74' lang='grc' dir='ltr'>ψυχὴν</span> <span class='ocrx_word' id='word_1_535' title='bbox 1803 893 1850 920; x_wconf 76' lang='grc' dir='ltr'>καὶ</span> 
     </span>
    </p>
   </div>
   <div class='ocr_carea' id='block_1_79' title="bbox 1061 937 1851 977">
    <p class='ocr_par' dir='ltr' id='par_1_79' title="bbox 1061 937 1851 977">
     <span class='ocr_line' id='line_1_79' title="bbox 1061 937 1851 977; baseline -0.004 -9"><span class='ocrx_word' id='word_1_536' title='bbox 1061 941 1141 977; x_wconf 86' lang='grc' dir='ltr'>σῶμα</span> <span class='ocrx_word' id='word_1_537' title='bbox 1157 940 1381 977; x_wconf 85' lang='grc' dir='ltr'>κεκαθαρμένοις,</span> <span class='ocrx_word' id='word_1_538' title='bbox 1393 938 1432 972; x_wconf 80' lang='grc' dir='ltr'>οἷς</span> <span class='ocrx_word' id='word_1_539' title='bbox 1442 939 1590 976; x_wconf 76' lang='grc' dir='ltr'>ἐτύγχανεν</span> <span class='ocrx_word' id='word_1_540' title='bbox 1605 939 1643 966; x_wconf 85' lang='grc' dir='ltr'>ὢν</span> <span class='ocrx_word' id='word_1_541' title='bbox 1657 937 1736 971; x_wconf 72' lang='grc' dir='ltr'>οὗτος</span> <span class='ocrx_word' id='word_1_542' title='bbox 1751 941 1766 966; x_wconf 84' lang='grc' dir='ltr'><strong>ὁ</strong></span> <span class='ocrx_word' id='word_1_543' title='bbox 1782 948 1851 966; x_wconf 82' lang='grc' dir='ltr'>παν-</span> 
     </span>
    </p>
   </div>
   <div class='ocr_carea' id='block_1_80' title="bbox 1060 985 1850 1023">
    <p class='ocr_par' dir='ltr' id='par_1_80' title="bbox 1060 985 1850 1023">
     <span class='ocr_line' id='line_1_80' title="bbox 1060 985 1850 1023; baseline -0.004 -9"><span class='ocrx_word' id='word_1_544' title='bbox 1060 988 1171 1022; x_wconf 81' lang='grc' dir='ltr'>άγιστος</span> <span class='ocrx_word' id='word_1_545' title='bbox 1199 987 1383 1023; x_wconf 79' lang='grc' dir='ltr'>ἱεροφάντωρ,</span> <span class='ocrx_word' id='word_1_546' title='bbox 1410 987 1426 1022; x_wconf 86' lang='grc' dir='ltr'><strong>ἠ</strong></span> <span class='ocrx_word' id='word_1_547' title='bbox 1452 987 1532 1023; x_wconf 75' lang='grc' dir='ltr'>χάρις</span> <span class='ocrx_word' id='word_1_548' title='bbox 1561 985 1723 1021; x_wconf 72' lang='grc' dir='ltr'>ἐκκέχυταιῖ</span> <span class='ocrx_word' id='word_1_549' title='bbox 1745 986 1778 1012; x_wconf 80' lang='grc' dir='ltr'><strong><em>Ἣ</em></strong></span> <span class='ocrx_word' id='word_1_550' title='bbox 1801 985 1850 1020; x_wconf 79' lang='grc' dir='ltr'>τῆς</span> 
     </span>
    </p>
   </div>
   <div class='ocr_carea' id='block_1_81' title="bbox 1061 1030 1851 1069">
    <p class='ocr_par' dir='ltr' id='par_1_81' title="bbox 1061 1030 1851 1069">
     <span class='ocr_line' id='line_1_81' title="bbox 1061 1030 1851 1069; baseline -0.004 -9"><span class='ocrx_word' id='word_1_551' title='bbox 1061 1033 1282 1069; x_wconf 86' lang='grc' dir='ltr'>ἐπιτηδειοτάτης</span> <span class='ocrx_word' id='word_1_552' title='bbox 1313 1032 1383 1068; x_wconf 78' lang='grc' dir='ltr'>πρὸς</span> <span class='ocrx_word' id='word_1_553' title='bbox 1409 1032 1563 1069; x_wconf 80' lang='grc' dir='ltr'><strong>ὑπηρεσίαν</strong></span> <span class='ocrx_word' id='word_1_554' title='bbox 1597 1032 1649 1067; x_wconf 79' lang='grc' dir='ltr'>τῆς</span> <span class='ocrx_word' id='word_1_555' title='bbox 1675 1030 1851 1066; x_wconf 79' lang='grc' dir='ltr'>θεοφθεγξίας</span> 
     </span>
    </p>
   </div>
   <div class='ocr_carea' id='block_1_82' title="bbox 1061 1076 1851 1115">
    <p class='ocr_par' dir='ltr' id='par_1_82' title="bbox 1061 1076 1851 1115">
     <span class='ocr_line' id='line_1_82' title="bbox 1061 1076 1851 1115; baseline -0.004 -10"><span class='ocrx_word' id='word_1_556' title='bbox 1061 1078 1244 1115; x_wconf 80' lang='grc' dir='ltr'>ἱεροφάντιδος</span> <span class='ocrx_word' id='word_1_557' title='bbox 1253 1077 1385 1112; x_wconf 75' lang='grc' dir='ltr'>γλώττης,</span> <span class='ocrx_word' id='word_1_558' title='bbox 1393 1077 1444 1112; x_wconf 82' lang='grc' dir='ltr'>τῆς</span> <span class='ocrx_word' id='word_1_559' title='bbox 1459 1077 1548 1104; x_wconf 80' lang='grc' dir='ltr'>τοιάδε</span> <span class='ocrx_word' id='word_1_560' title='bbox 1565 1077 1620 1104; x_wconf 87' lang='grc' dir='ltr'>τῶν</span> <span class='ocrx_word' id='word_1_561' title='bbox 1638 1076 1851 1113; x_wconf 78' lang='grc' dir='ltr'>κρυφιομὺστων</span> 
     </span>
    </p>
   </div>
   <div class='ocr_carea' id='block_1_83' title="bbox 1063 1123 1851 1161">
    <p class='ocr_par' dir='ltr' id='par_1_83' title="bbox 1063 1123 1851 1161">
     <span class='ocr_line' id='line_1_83' title="bbox 1063 1123 1851 1161; baseline -0.004 -10"><span class='ocrx_word' id='word_1_562' title='bbox 1063 1125 1213 1161; x_wconf 88' lang='grc' dir='ltr'>μυημάτων</span> <span class='ocrx_word' id='word_1_563' title='bbox 1232 1123 1488 1159; x_wconf 83' lang='grc' dir='ltr'>ἐκφαντορικώτατα</span> <span class='ocrx_word' id='word_1_564' title='bbox 1498 1123 1731 1160; x_wconf 80' lang='grc' dir='ltr'>διατρανωσάσηςί</span> <span class='ocrx_word' id='word_1_565' title='bbox 1745 1123 1851 1154; x_wconf 83' lang='grc' dir='ltr'>Ὄντως</span> 
     </span>
    </p>
   </div>
   <div class='ocr_carea' id='block_1_84' title="bbox 1061 1167 1850 1206">
    <p class='ocr_par' dir='ltr' id='par_1_84' title="bbox 1061 1167 1850 1206">
     <span class='ocr_line' id='line_1_84' title="bbox 1061 1167 1850 1206; baseline -0.003 -10"><span class='ocrx_word' id='word_1_566' title='bbox 1061 1169 1227 1206; x_wconf 72' lang='grc' dir='ltr'>ὀξυγράφου,</span> <span class='ocrx_word' id='word_1_567' title='bbox 1244 1169 1315 1197; x_wconf 88' lang='grc' dir='ltr'>κατὰ</span> <span class='ocrx_word' id='word_1_568' title='bbox 1333 1169 1363 1196; x_wconf 82' lang='grc' dir='ltr'><strong>τὺ</strong></span> <span class='ocrx_word' id='word_1_569' title='bbox 1388 1169 1487 1203; x_wconf 87' lang='grc' dir='ltr'>λόγιον,</span> <span class='ocrx_word' id='word_1_570' title='bbox 1515 1168 1702 1204; x_wconf 83' lang='grc' dir='ltr'><strong>γραμματέως</strong></span> <span class='ocrx_word' id='word_1_571' title='bbox 1727 1167 1850 1204; x_wconf 66' lang='grc' dir='ltr'>ἐχρημάρ</span> 
     </span>
    </p>
   </div>
   <div class='ocr_carea' id='block_1_85' title="bbox 1060 1213 1852 1252">
    <p class='ocr_par' dir='ltr' id='par_1_85' title="bbox 1060 1213 1852 1252">
     <span class='ocr_line' id='line_1_85' title="bbox 1060 1213 1852 1252; baseline -0.005 -9"><span class='ocrx_word' id='word_1_572' title='bbox 1060 1225 1119 1243; x_wconf 90' lang='grc' dir='ltr'>τισε</span> <span class='ocrx_word' id='word_1_573' title='bbox 1137 1217 1269 1252; x_wconf 80' lang='grc' dir='ltr'>κάλαμος.</span> <span class='ocrx_word' id='word_1_574' title='bbox 1280 1216 1312 1242; x_wconf 87' lang='grc' dir='ltr'>Ὢ</span> <span class='ocrx_word' id='word_1_575' title='bbox 1321 1215 1370 1250; x_wconf 82' lang='grc' dir='ltr'>τῆς</span> <span class='ocrx_word' id='word_1_576' title='bbox 1391 1214 1542 1250; x_wconf 81' lang='grc' dir='ltr'>φανοτάτης</span> <span class='ocrx_word' id='word_1_577' title='bbox 1553 1214 1651 1250; x_wconf 78' lang='grc' dir='ltr'>φρενὸς</span> <span class='ocrx_word' id='word_1_578' title='bbox 1667 1214 1717 1250; x_wconf 85' lang='grc' dir='ltr'>τῆς</span> <span class='ocrx_word' id='word_1_579' title='bbox 1735 1213 1852 1240; x_wconf 76' lang='grc' dir='ltr'>τοιαῦτα</span> 
     </span>
    </p>
   </div>
   <div class='ocr_carea' id='block_1_86' title="bbox 1060 1259 1852 1298">
    <p class='ocr_par' dir='ltr' id='par_1_86' title="bbox 1060 1259 1852 1298">
     <span class='ocr_line' id='line_1_86' title="bbox 1060 1259 1852 1298; baseline -0.005 -9"><span class='ocrx_word' id='word_1_580' title='bbox 1060 1263 1107 1289; x_wconf 82' lang='grc' dir='ltr'>τὸν</span> <span class='ocrx_word' id='word_1_581' title='bbox 1125 1262 1195 1298; x_wconf 82' lang='grc' dir='ltr'>ὑπὲρ</span> <span class='ocrx_word' id='word_1_582' title='bbox 1219 1261 1308 1288; x_wconf 87' lang='grc' dir='ltr'>πάντα</span> <span class='ocrx_word' id='word_1_583' title='bbox 1333 1260 1395 1288; x_wconf 82' lang='grc' dir='ltr'>νοῦν</span> <span class='ocrx_word' id='word_1_584' title='bbox 1414 1260 1460 1287; x_wconf 79' lang='grc' dir='ltr'>καὶ</span> <span class='ocrx_word' id='word_1_585' title='bbox 1475 1260 1554 1295; x_wconf 86' lang='grc' dir='ltr'>λόγον</span> <span class='ocrx_word' id='word_1_586' title='bbox 1573 1259 1773 1295; x_wconf 78' lang='grc' dir='ltr'>ἐλλαμφθείσης</span> <span class='ocrx_word' id='word_1_587' title='bbox 1790 1260 1852 1295; x_wconf 78' lang='grc' dir='ltr'>νοή-</span> 
     </span>
    </p>
   </div>
   <div class='ocr_carea' id='block_1_87' title="bbox 1063 1304 1851 1343">
    <p class='ocr_par' dir='ltr' id='par_1_87' title="bbox 1063 1304 1851 1343">
     <span class='ocr_line' id='line_1_87' title="bbox 1063 1304 1851 1343; baseline -0.005 -9"><span class='ocrx_word' id='word_1_588' title='bbox 1063 1308 1151 1343; x_wconf 87' lang='grc' dir='ltr'>ματαί</span> <span class='ocrx_word' id='word_1_589' title='bbox 1171 1307 1220 1339; x_wconf 86' lang='grc' dir='ltr'>Τίς</span> <span class='ocrx_word' id='word_1_590' title='bbox 1237 1306 1292 1343; x_wconf 88' lang='grc' dir='ltr'><strong>γὰρ</strong></span> <span class='ocrx_word' id='word_1_591' title='bbox 1304 1306 1377 1338; x_wconf 77' lang='grc' dir='ltr'>νοῦς,</span> <span class='ocrx_word' id='word_1_592' title='bbox 1390 1305 1605 1342; x_wconf 77' lang='grc' dir='ltr'>ὀξυδερκέστατα</span> <span class='ocrx_word' id='word_1_593' title='bbox 1622 1305 1668 1332; x_wconf 78' lang='grc' dir='ltr'>καὶ</span> <span class='ocrx_word' id='word_1_594' title='bbox 1678 1305 1758 1336; x_wconf 81' lang='grc' dir='ltr'><strong>θείως</strong></span> <span class='ocrx_word' id='word_1_595' title='bbox 1767 1304 1851 1340; x_wconf 80' lang='grc' dir='ltr'>ὀρῶν,</span> 
     </span>
    </p>
   </div>
   <div class='ocr_carea' id='block_1_88' title="bbox 1060 1352 1853 1389">
    <p class='ocr_par' dir='ltr' id='par_1_88' title="bbox 1060 1352 1853 1389">
     <span class='ocr_line' id='line_1_88' title="bbox 1060 1352 1853 1389; baseline -0.005 -9"><span class='ocrx_word' id='word_1_596' title='bbox 1060 1354 1110 1389; x_wconf 79' lang='grc' dir='ltr'>οὐχ</span> <span class='ocrx_word' id='word_1_597' title='bbox 1125 1353 1220 1389; x_wconf 84' lang='grc' dir='ltr'>ὥσπερ</span> <span class='ocrx_word' id='word_1_598' title='bbox 1238 1352 1267 1379; x_wconf 77' lang='grc' dir='ltr'><strong>ἐν</strong></span> <span class='ocrx_word' id='word_1_599' title='bbox 1290 1361 1362 1379; x_wconf 91' lang='grc' dir='ltr'>τισιν</span> <span class='ocrx_word' id='word_1_600' title='bbox 1389 1352 1612 1388; x_wconf 82' lang='grc' dir='ltr'>ἀργαλεωτάταις</span> <span class='ocrx_word' id='word_1_601' title='bbox 1637 1352 1739 1386; x_wconf 74' lang='grc' dir='ltr'>φωναῖς</span> <span class='ocrx_word' id='word_1_602' title='bbox 1765 1359 1853 1386; x_wconf 70' lang='grc' dir='ltr'>τραυο</span> 
     </span>
    </p>
   </div>
   <div class='ocr_carea' id='block_1_89' title="bbox 1063 1398 1851 1437">
    <p class='ocr_par' dir='ltr' id='par_1_89' title="bbox 1063 1398 1851 1437">
     <span class='ocr_line' id='line_1_89' title="bbox 1063 1398 1851 1437; baseline -0.003 -10"><span class='ocrx_word' id='word_1_603' title='bbox 1063 1400 1166 1437; x_wconf 85' lang='grc' dir='ltr'>ματιῶν</span> <span class='ocrx_word' id='word_1_604' title='bbox 1193 1400 1293 1436; x_wconf 82' lang='grc' dir='ltr'>πλῆθος</span> <span class='ocrx_word' id='word_1_605' title='bbox 1326 1401 1422 1436; x_wconf 82' lang='grc' dir='ltr'>αἵματι</span> <span class='ocrx_word' id='word_1_606' title='bbox 1448 1400 1494 1426; x_wconf 81' lang='grc' dir='ltr'>καὶ</span> <span class='ocrx_word' id='word_1_607' title='bbox 1519 1400 1626 1436; x_wconf 79' lang='grc' dir='ltr'>κονίῃσι</span> <span class='ocrx_word' id='word_1_608' title='bbox 1656 1398 1851 1435; x_wconf 77' lang='grc' dir='ltr'>πεφυρμένον,</span> 
     </span>
    </p>
   </div>
   <div class='ocr_carea' id='block_1_90' title="bbox 1061 1445 1854 1482">
    <p class='ocr_par' dir='ltr' id='par_1_90' title="bbox 1061 1445 1854 1482">
     <span class='ocr_line' id='line_1_90' title="bbox 1061 1445 1854 1482; baseline -0.003 -9"><span class='ocrx_word' id='word_1_609' title='bbox 1061 1447 1133 1474; x_wconf 76' lang='grc' dir='ltr'>ἅπαν</span> <span class='ocrx_word' id='word_1_610' title='bbox 1146 1447 1177 1473; x_wconf 84' lang='grc' dir='ltr'>τὸ</span> <span class='ocrx_word' id='word_1_611' title='bbox 1201 1446 1258 1473; x_wconf 85' lang='grc' dir='ltr'>τῶν</span> <span class='ocrx_word' id='word_1_612' title='bbox 1281 1445 1449 1482; x_wconf 79' lang='grc' dir='ltr'>αἱρεσιωτῶν</span> <span class='ocrx_word' id='word_1_613' title='bbox 1473 1445 1688 1481; x_wconf 80' lang='grc' dir='ltr'>δυσμενέστατον</span> <span class='ocrx_word' id='word_1_614' title='bbox 1707 1446 1803 1478; x_wconf 80' lang='grc' dir='ltr'>στῖφος</span> <span class='ocrx_word' id='word_1_615' title='bbox 1822 1446 1854 1471; x_wconf 85' lang='grc' dir='ltr'><strong>ἐν</strong></span> 
     </span>
    </p>
   </div>
   <div class='ocr_carea' id='block_1_91' title="bbox 1060 1490 1853 1528">
    <p class='ocr_par' dir='ltr' id='par_1_91' title="bbox 1060 1490 1853 1528">
     <span class='ocr_line' id='line_1_91' title="bbox 1060 1490 1853 1528; baseline -0.004 -9"><span class='ocrx_word' id='word_1_616' title='bbox 1060 1494 1120 1524; x_wconf 77' lang='grc' dir='ltr'>ταῖς</span> <span class='ocrx_word' id='word_1_617' title='bbox 1138 1492 1321 1528; x_wconf 78' lang='grc' dir='ltr'>βραχυτάταις</span> <span class='ocrx_word' id='word_1_618' title='bbox 1338 1492 1392 1518; x_wconf 86' lang='grc' dir='ltr'>τῶν</span> <span class='ocrx_word' id='word_1_619' title='bbox 1410 1491 1584 1527; x_wconf 78' lang='grc' dir='ltr'>θεοφράστων</span> <span class='ocrx_word' id='word_1_620' title='bbox 1601 1491 1732 1527; x_wconf 76' lang='grc' dir='ltr'>ῥημάτων</span> <span class='ocrx_word' id='word_1_621' title='bbox 1746 1490 1853 1517; x_wconf 88' lang='grc' dir='ltr'>τούτων</span> 
     </span>
    </p>
   </div>
   <div class='ocr_carea' id='block_1_92' title="bbox 1061 1536 1852 1575">
    <p class='ocr_par' dir='ltr' id='par_1_92' title="bbox 1061 1536 1852 1575">
     <span class='ocr_line' id='line_1_92' title="bbox 1061 1536 1852 1575; baseline -0.005 -9"><span class='ocrx_word' id='word_1_622' title='bbox 1061 1540 1202 1575; x_wconf 83' lang='grc' dir='ltr'>περιοχαῖς</span> <span class='ocrx_word' id='word_1_623' title='bbox 1219 1538 1405 1575; x_wconf 84' lang='grc' dir='ltr'>κατερηριπός</span> <span class='ocrx_word' id='word_1_624' title='bbox 1426 1547 1456 1565; x_wconf 87' lang='grc' dir='ltr'><strong>τε</strong></span> <span class='ocrx_word' id='word_1_625' title='bbox 1476 1537 1522 1565; x_wconf 74' lang='grc' dir='ltr'>καὶ</span> <span class='ocrx_word' id='word_1_626' title='bbox 1539 1537 1662 1569; x_wconf 81' lang='grc' dir='ltr'>διολωλὺς</span> <span class='ocrx_word' id='word_1_627' title='bbox 1681 1536 1852 1571; x_wconf 79' lang='grc' dir='ltr'>κατόψεται;</span> 
     </span>
    </p>
   </div>
   <div class='ocr_carea' id='block_1_93' title="bbox 1059 1582 1855 1620">
    <p class='ocr_par' dir='ltr' id='par_1_93' title="bbox 1059 1582 1855 1620">
     <span class='ocr_line' id='line_1_93' title="bbox 1059 1582 1855 1620; baseline -0.004 -9"><span class='ocrx_word' id='word_1_628' title='bbox 1059 1585 1151 1611; x_wconf 79' lang='grc' dir='ltr'>Ταῦτα</span> <span class='ocrx_word' id='word_1_629' title='bbox 1171 1585 1220 1620; x_wconf 87' lang='grc' dir='ltr'>μὲν</span> <span class='ocrx_word' id='word_1_630' title='bbox 1236 1585 1267 1620; x_wconf 86' lang='grc' dir='ltr'>δὴ</span> <span class='ocrx_word' id='word_1_631' title='bbox 1285 1584 1332 1611; x_wconf 86' lang='grc' dir='ltr'>καὶ</span> <span class='ocrx_word' id='word_1_632' title='bbox 1354 1584 1414 1611; x_wconf 82' lang='grc' dir='ltr'>λίαν</span> <span class='ocrx_word' id='word_1_633' title='bbox 1431 1583 1510 1618; x_wconf 82' lang='grc' dir='ltr'>ὀλίγα</span> <span class='ocrx_word' id='word_1_634' title='bbox 1531 1583 1587 1609; x_wconf 84' lang='grc' dir='ltr'><strong>τῶν</strong></span> <span class='ocrx_word' id='word_1_635' title='bbox 1610 1582 1786 1618; x_wconf 79' lang='grc' dir='ltr'>ὡραιοτάτων</span> <span class='ocrx_word' id='word_1_636' title='bbox 1804 1583 1855 1608; x_wconf 63' lang='grc' dir='ltr'><strong>αὖ.</strong></span> 
     </span>
    </p>
   </div>
   <div class='ocr_carea' id='block_1_94' title="bbox 1058 1628 1855 1666">
    <p class='ocr_par' dir='ltr' id='par_1_94' title="bbox 1058 1628 1855 1666">
     <span class='ocr_line' id='line_1_94' title="bbox 1058 1628 1855 1666; baseline -0.003 -9"><span class='ocrx_word' id='word_1_637' title='bbox 1058 1630 1104 1658; x_wconf 81' lang='grc' dir='ltr'>τοῦ</span> <span class='ocrx_word' id='word_1_638' title='bbox 1131 1630 1302 1666; x_wconf 80' lang='grc' dir='ltr'>δογματικῶν</span> <span class='ocrx_word' id='word_1_639' title='bbox 1328 1631 1393 1666; x_wconf 84' lang='grc' dir='ltr'>ἡμῖν</span> <span class='ocrx_word' id='word_1_640' title='bbox 1421 1630 1585 1666; x_wconf 84' lang='grc' dir='ltr'>ἀπήνθισται</span> <span class='ocrx_word' id='word_1_641' title='bbox 1610 1628 1761 1664; x_wconf 79' lang='grc' dir='ltr'>λειμώνων,</span> <span class='ocrx_word' id='word_1_642' title='bbox 1790 1629 1855 1655; x_wconf 80' lang='grc' dir='ltr'>ὅσον</span> 
     </span>
    </p>
   </div>
   <div class='ocr_carea' id='block_1_95' title="bbox 1058 1673 1855 1711">
    <p class='ocr_par' dir='ltr' id='par_1_95' title="bbox 1058 1673 1855 1711">
     <span class='ocr_line' id='line_1_95' title="bbox 1058 1673 1855 1711; baseline -0.004 -9"><span class='ocrx_word' id='word_1_643' title='bbox 1058 1675 1228 1703; x_wconf 86' lang='grc' dir='ltr'>καλλωπίσαι</span> <span class='ocrx_word' id='word_1_644' title='bbox 1252 1675 1301 1711; x_wconf 85' lang='grc' dir='ltr'>τὴν</span> <span class='ocrx_word' id='word_1_645' title='bbox 1327 1676 1465 1711; x_wconf 79' lang='grc' dir='ltr'>εὐφημίαν</span> <span class='ocrx_word' id='word_1_646' title='bbox 1492 1675 1542 1710; x_wconf 87' lang='grc' dir='ltr'>τῆς</span> <span class='ocrx_word' id='word_1_647' title='bbox 1569 1674 1740 1710; x_wconf 79' lang='grc' dir='ltr'>ὑψηλοτάτης</span> <span class='ocrx_word' id='word_1_648' title='bbox 1767 1673 1855 1700; x_wconf 81' lang='grc' dir='ltr'>αὑτοῦ</span> 
     </span>
    </p>
   </div>
   <div class='ocr_carea' id='block_1_96' title="bbox 1059 1720 1855 1758">
    <p class='ocr_par' dir='ltr' id='par_1_96' title="bbox 1059 1720 1855 1758">
     <span class='ocr_line' id='line_1_96' title="bbox 1059 1720 1855 1758; baseline -0.003 -10"><span class='ocrx_word' id='word_1_649' title='bbox 1059 1721 1207 1756; x_wconf 87' lang='grc' dir='ltr'>θεολογίας,</span> <span class='ocrx_word' id='word_1_650' title='bbox 1228 1721 1274 1748; x_wconf 68' lang='grc' dir='ltr'><strong>καὶ</strong></span> <span class='ocrx_word' id='word_1_651' title='bbox 1291 1722 1340 1757; x_wconf 79' lang='grc' dir='ltr'>τῆς</span> <span class='ocrx_word' id='word_1_652' title='bbox 1368 1721 1563 1758; x_wconf 80' lang='grc' dir='ltr'>άπαραόλήτου</span> <span class='ocrx_word' id='word_1_653' title='bbox 1582 1721 1628 1747; x_wconf 78' lang='grc' dir='ltr'><strong>καὶ</strong></span> <span class='ocrx_word' id='word_1_654' title='bbox 1653 1720 1855 1754; x_wconf 83' lang='grc' dir='ltr'>διαυγεστάτης</span> 
     </span>
    </p>
   </div>
   <div class='ocr_carea' id='block_1_97' title="bbox 1059 1766 1854 1805">
    <p class='ocr_par' dir='ltr' id='par_1_97' title="bbox 1059 1766 1854 1805">
     <span class='ocr_line' id='line_1_97' title="bbox 1059 1766 1854 1805; baseline -0.004 -10"><span class='ocrx_word' id='word_1_655' title='bbox 1059 1767 1214 1805; x_wconf 84' lang='grc' dir='ltr'>ὀρθοδοξίας</span> <span class='ocrx_word' id='word_1_656' title='bbox 1239 1768 1289 1804; x_wconf 85' lang='grc' dir='ltr'>τῆς</span> <span class='ocrx_word' id='word_1_657' title='bbox 1309 1767 1425 1803; x_wconf 83' lang='grc' dir='ltr'>ἀληθοῦς</span> <span class='ocrx_word' id='word_1_658' title='bbox 1443 1768 1490 1795; x_wconf 70' lang='grc' dir='ltr'>καὶ</span> <span class='ocrx_word' id='word_1_659' title='bbox 1518 1768 1640 1804; x_wconf 80' lang='grc' dir='ltr'>ἀλήπτου</span> <span class='ocrx_word' id='word_1_660' title='bbox 1661 1766 1792 1798; x_wconf 84' lang='grc' dir='ltr'>πίστεως.</span> <span class='ocrx_word' id='word_1_661' title='bbox 1812 1766 1854 1801; x_wconf 85' lang='grc' dir='ltr'><strong>Τῇ</strong></span> 
     </span>
    </p>
   </div>
   <div class='ocr_carea' id='block_1_98' title="bbox 1059 1813 1855 1851">
    <p class='ocr_par' dir='ltr' id='par_1_98' title="bbox 1059 1813 1855 1851">
     <span class='ocr_line' id='line_1_98' title="bbox 1059 1813 1855 1851; baseline -0.006 -8"><span class='ocrx_word' id='word_1_662' title='bbox 1059 1816 1088 1843; x_wconf 85' lang='grc' dir='ltr'><strong>δέ</strong></span> <span class='ocrx_word' id='word_1_663' title='bbox 1105 1825 1137 1850; x_wconf 90' lang='grc' dir='ltr'><strong>γε</strong></span> <span class='ocrx_word' id='word_1_664' title='bbox 1152 1815 1335 1851; x_wconf 82' lang='grc' dir='ltr'>κυὸερνητικῇ</span> <span class='ocrx_word' id='word_1_665' title='bbox 1356 1814 1437 1850; x_wconf 79' lang='grc' dir='ltr'>σοφίᾳ</span> <span class='ocrx_word' id='word_1_666' title='bbox 1446 1814 1493 1841; x_wconf 79' lang='grc' dir='ltr'>καὶ</span> <span class='ocrx_word' id='word_1_667' title='bbox 1513 1814 1677 1849; x_wconf 80' lang='grc' dir='ltr'>ποιμαντικῇ</span> <span class='ocrx_word' id='word_1_668' title='bbox 1697 1813 1855 1848; x_wconf 73' lang='grc' dir='ltr'>ἐπιστήμῃ,</span> 
     </span>
    </p>
   </div>
   <div class='ocr_carea' id='block_1_99' title="bbox 1062 1858 1857 1898">
    <p class='ocr_par' dir='ltr' id='par_1_99' title="bbox 1062 1858 1857 1898">
     <span class='ocr_line' id='line_1_99' title="bbox 1062 1858 1857 1898; baseline -0.006 -9"><span class='ocrx_word' id='word_1_669' title='bbox 1062 1862 1119 1898; x_wconf 86' lang='grc' dir='ltr'>μεθ’</span> <span class='ocrx_word' id='word_1_670' title='bbox 1131 1859 1164 1897; x_wconf 84' lang='grc' dir='ltr'>ἦς</span> <span class='ocrx_word' id='word_1_671' title='bbox 1185 1861 1217 1888; x_wconf 78' lang='grc' dir='ltr'>τὸ</span> <span class='ocrx_word' id='word_1_672' title='bbox 1242 1861 1422 1896; x_wconf 74' lang='grc' dir='ltr'>ἐμπιπευθέν</span> <span class='ocrx_word' id='word_1_673' title='bbox 1440 1861 1526 1887; x_wconf 82' lang='grc' dir='ltr'>διεῖπε</span> <span class='ocrx_word' id='word_1_674' title='bbox 1543 1860 1679 1895; x_wconf 77' lang='grc' dir='ltr'>ποίμνιον,</span> <span class='ocrx_word' id='word_1_675' title='bbox 1706 1858 1803 1889; x_wconf 84' lang='grc' dir='ltr'>ποίους</span> <span class='ocrx_word' id='word_1_676' title='bbox 1820 1858 1857 1885; x_wconf 79' lang='grc' dir='ltr'>ἂν</span> 
     </span>
    </p>
   </div>
   <div class='ocr_carea' id='block_1_100' title="bbox 1060 1903 1857 1944">
    <p class='ocr_par' dir='ltr' id='par_1_100' title="bbox 1060 1903 1857 1944">
     <span class='ocr_line' id='line_1_100' title="bbox 1060 1903 1857 1944; baseline -0.005 -10"><span class='ocrx_word' id='word_1_677' title='bbox 1060 1908 1188 1942; x_wconf 78' lang='grc' dir='ltr'>ἐπαξίους</span> <span class='ocrx_word' id='word_1_678' title='bbox 1221 1907 1373 1944; x_wconf 78' lang='grc' dir='ltr'>ἐφαρμόσαι</span> <span class='ocrx_word' id='word_1_679' title='bbox 1401 1907 1516 1943; x_wconf 82' lang='grc' dir='ltr'>κρότους</span> <span class='ocrx_word' id='word_1_680' title='bbox 1544 1905 1704 1942; x_wconf 71' lang='grc' dir='ltr'>ίᾳχύσαιμι;</span> <span class='ocrx_word' id='word_1_681' title='bbox 1730 1904 1769 1936; x_wconf 85' lang='grc' dir='ltr'>ὡς</span> <span class='ocrx_word' id='word_1_682' title='bbox 1798 1903 1857 1940; x_wconf 81' lang='grc' dir='ltr'><strong>γὰρ</strong></span> 
     </span>
    </p>
   </div>
   <div class='ocr_carea' id='block_1_101' title="bbox 1060 1950 1857 1990">
    <p class='ocr_par' dir='ltr' id='par_1_101' title="bbox 1060 1950 1857 1990">
     <span class='ocr_line' id='line_1_101' title="bbox 1060 1950 1857 1990; baseline -0.006 -9"><span class='ocrx_word' id='word_1_683' title='bbox 1060 1954 1229 1990; x_wconf 78' lang='grc' dir='ltr'>κυὸερνήτης</span> <span class='ocrx_word' id='word_1_684' title='bbox 1253 1954 1303 1989; x_wconf 82' lang='grc' dir='ltr'>τῆς</span> <span class='ocrx_word' id='word_1_685' title='bbox 1329 1953 1456 1989; x_wconf 86' lang='grc' dir='ltr'>πρύμνης</span> <span class='ocrx_word' id='word_1_686' title='bbox 1485 1951 1694 1987; x_wconf 82' lang='grc' dir='ltr'>ἐπικαθήμενος,</span> <span class='ocrx_word' id='word_1_687' title='bbox 1723 1950 1770 1977; x_wconf 78' lang='grc' dir='ltr'>καὶ</span> <span class='ocrx_word' id='word_1_688' title='bbox 1798 1950 1857 1977; x_wconf 79' lang='grc' dir='ltr'>τῶν</span> 
     </span>
    </p>
   </div>
   <div class='ocr_carea' id='block_1_102' title="bbox 1059 1995 1859 2033">
    <p class='ocr_par' dir='ltr' id='par_1_102' title="bbox 1059 1995 1859 2033">
     <span class='ocr_line' id='line_1_102' title="bbox 1059 1995 1859 2033; baseline -0.006 -8"><span class='ocrx_word' id='word_1_689' title='bbox 1059 1999 1160 2025; x_wconf 84' lang='grc' dir='ltr'>οἰάκων</span> <span class='ocrx_word' id='word_1_690' title='bbox 1174 1998 1374 2033; x_wconf 84' lang='grc' dir='ltr'>ἐπειλημμένος</span> <span class='ocrx_word' id='word_1_691' title='bbox 1393 1997 1551 2033; x_wconf 86' lang='grc' dir='ltr'>ἐγρηγόρως</span> <span class='ocrx_word' id='word_1_692' title='bbox 1569 1995 1703 2022; x_wconf 80' lang='grc' dir='ltr'>πάντοθεν</span> <span class='ocrx_word' id='word_1_693' title='bbox 1719 2003 1859 2031; x_wconf 81' lang='grc' dir='ltr'>περισκο-</span> 
     </span>
    </p>
   </div>
   <div class='ocr_carea' id='block_1_103' title="bbox 1060 2041 1859 2078">
    <p class='ocr_par' dir='ltr' id='par_1_103' title="bbox 1060 2041 1859 2078">
     <span class='ocr_line' id='line_1_103' title="bbox 1060 2041 1859 2078; baseline -0.008 -6"><span class='ocrx_word' id='word_1_694' title='bbox 1060 2047 1107 2072; x_wconf 88' lang='grc' dir='ltr'>πεῖ</span> <span class='ocrx_word' id='word_1_695' title='bbox 1124 2045 1174 2077; x_wconf 76' lang='grc' dir='ltr'>τὰς</span> <span class='ocrx_word' id='word_1_696' title='bbox 1191 2044 1246 2071; x_wconf 82' lang='grc' dir='ltr'>τῶν</span> <span class='ocrx_word' id='word_1_697' title='bbox 1265 2044 1373 2078; x_wconf 86' lang='grc' dir='ltr'>ἀνέμων</span> <span class='ocrx_word' id='word_1_698' title='bbox 1396 2042 1522 2077; x_wconf 85' lang='grc' dir='ltr'>ἐφόδους·</span> <span class='ocrx_word' id='word_1_699' title='bbox 1543 2041 1589 2068; x_wconf 84' lang='grc' dir='ltr'><strong>καὶ</strong></span> <span class='ocrx_word' id='word_1_700' title='bbox 1604 2041 1667 2073; x_wconf 73' lang='grc' dir='ltr'>τοὺς</span> <span class='ocrx_word' id='word_1_701' title='bbox 1687 2041 1735 2076; x_wconf 82' lang='grc' dir='ltr'>μὲν</span> <span class='ocrx_word' id='word_1_702' title='bbox 1753 2049 1859 2067; x_wconf 84' lang='grc' dir='ltr'>καται-</span> 
     </span>
    </p>
   </div>
   <div class='ocr_carea' id='block_1_104' title="bbox 1060 2085 1860 2126">
    <p class='ocr_par' dir='ltr' id='par_1_104' title="bbox 1060 2085 1860 2126">
     <span class='ocr_line' id='line_1_104' title="bbox 1060 2085 1860 2126; baseline -0.006 -9"><span class='ocrx_word' id='word_1_703' title='bbox 1060 2090 1180 2126; x_wconf 82' lang='grc' dir='ltr'>γιδώδεις</span> <span class='ocrx_word' id='word_1_704' title='bbox 1207 2089 1424 2125; x_wconf 80' lang='grc' dir='ltr'>προφυλάττεται</span> <span class='ocrx_word' id='word_1_705' title='bbox 1455 2087 1596 2123; x_wconf 69' lang='grc' dir='ltr'>πόρρωθεν</span> <span class='ocrx_word' id='word_1_706' title='bbox 1612 2087 1629 2122; x_wconf 83' lang='grc' dir='ltr'>ἢ</span> <span class='ocrx_word' id='word_1_707' title='bbox 1649 2085 1774 2122; x_wconf 83' lang='grc' dir='ltr'>σχεδόθεν</span> <span class='ocrx_word' id='word_1_708' title='bbox 1803 2087 1860 2113; x_wconf 76' lang='grc' dir='ltr'><strong>ίὰν-</strong></span> 
     </span>
    </p>
   </div>
   <div class='ocr_carea' id='block_1_105' title="bbox 1059 2132 1859 2170">
    <p class='ocr_par' dir='ltr' id='par_1_105' title="bbox 1059 2132 1859 2170">
     <span class='ocr_line' id='line_1_105' title="bbox 1059 2132 1859 2170; baseline -0.006 -6"><span class='ocrx_word' id='word_1_709' title='bbox 1059 2146 1109 2170; x_wconf 89' lang='grc' dir='ltr'><strong>τας</strong></span> <span class='ocrx_word' id='word_1_710' title='bbox 1133 2136 1270 2168; x_wconf 84' lang='grc' dir='ltr'>πολλάκις,</span> <span class='ocrx_word' id='word_1_711' title='bbox 1292 2135 1338 2162; x_wconf 76' lang='grc' dir='ltr'>καὶ</span> <span class='ocrx_word' id='word_1_712' title='bbox 1356 2135 1419 2166; x_wconf 76' lang='grc' dir='ltr'>τοὺς</span> <span class='ocrx_word' id='word_1_713' title='bbox 1437 2134 1584 2170; x_wconf 81' lang='grc' dir='ltr'>πλωτῆρας</span> <span class='ocrx_word' id='word_1_714' title='bbox 1609 2132 1859 2168; x_wconf 78' lang='grc' dir='ltr'>προασφαλίζεται,</span> 
     </span>
    </p>
   </div>
   <div class='ocr_carea' id='block_1_106' title="bbox 1060 2179 1861 2219">
    <p class='ocr_par' dir='ltr' id='par_1_106' title="bbox 1060 2179 1861 2219">
     <span class='ocr_line' id='line_1_106' title="bbox 1060 2179 1861 2219; baseline -0.005 -9"><span class='ocrx_word' id='word_1_715' title='bbox 1060 2184 1107 2210; x_wconf 77' lang='grc' dir='ltr'><strong>καὶ</strong></span> <span class='ocrx_word' id='word_1_716' title='bbox 1131 2183 1181 2219; x_wconf 82' lang='grc' dir='ltr'>τὴν</span> <span class='ocrx_word' id='word_1_717' title='bbox 1198 2182 1249 2217; x_wconf 85' lang='grc' dir='ltr'>τῆς</span> <span class='ocrx_word' id='word_1_718' title='bbox 1273 2181 1370 2217; x_wconf 87' lang='grc' dir='ltr'>άέλλης</span> <span class='ocrx_word' id='word_1_719' title='bbox 1399 2180 1670 2218; x_wconf 79' lang='grc' dir='ltr'>προκαταλαμϐάνων</span> <span class='ocrx_word' id='word_1_720' title='bbox 1698 2179 1861 2215; x_wconf 79' lang='grc' dir='ltr'>ἔμπτωσιν,</span> 
     </span>
    </p>
   </div>
   <div class='ocr_carea' id='block_1_107' title="bbox 1060 2226 1859 2266">
    <p class='ocr_par' dir='ltr' id='par_1_107' title="bbox 1060 2226 1859 2266">
     <span class='ocr_line' id='line_1_107' title="bbox 1060 2226 1859 2266; baseline -0.001 -11"><span class='ocrx_word' id='word_1_721' title='bbox 1060 2229 1183 2266; x_wconf 83' lang='grc' dir='ltr'>προχαλᾷ</span> <span class='ocrx_word' id='word_1_722' title='bbox 1220 2229 1278 2260; x_wconf 89' lang='grc' dir='ltr'>τοῖς</span> <span class='ocrx_word' id='word_1_723' title='bbox 1312 2228 1452 2264; x_wconf 85' lang='grc' dir='ltr'>προτόνοις</span> <span class='ocrx_word' id='word_1_724' title='bbox 1486 2227 1517 2253; x_wconf 85' lang='grc' dir='ltr'><strong>τὺ</strong></span> <span class='ocrx_word' id='word_1_725' title='bbox 1551 2227 1634 2253; x_wconf 86' lang='grc' dir='ltr'>ἱστίον</span> <span class='ocrx_word' id='word_1_726' title='bbox 1666 2226 1713 2253; x_wconf 80' lang='grc' dir='ltr'><strong>καὶ</strong></span> <span class='ocrx_word' id='word_1_727' title='bbox 1744 2226 1859 2262; x_wconf 79' lang='grc' dir='ltr'>ὑφίησι.</span> 
     </span>
    </p>
   </div>
   <div class='ocr_carea' id='block_1_108' title="bbox 1100 2319 1863 2356">
    <p class='ocr_par' dir='ltr' id='par_1_108' title="bbox 1100 2319 1863 2356">
     <span class='ocr_line' id='line_1_108' title="bbox 1100 2319 1863 2356; baseline -0.001 -10"><span class='ocrx_word' id='word_1_728' title='bbox 1100 2320 1172 2356; x_wconf 77' lang='grc' dir='ltr'>Πρὸς</span> <span class='ocrx_word' id='word_1_729' title='bbox 1189 2320 1217 2346; x_wconf 85' lang='grc' dir='ltr'><strong>δέ</strong></span> <span class='ocrx_word' id='word_1_730' title='bbox 1238 2320 1301 2351; x_wconf 76' lang='grc' dir='ltr'>τοὺς</span> <span class='ocrx_word' id='word_1_731' title='bbox 1319 2320 1426 2356; x_wconf 83' lang='grc' dir='ltr'>οὑρίους</span> <span class='ocrx_word' id='word_1_732' title='bbox 1445 2319 1626 2351; x_wconf 85' lang='grc' dir='ltr'>διανίσταται,</span> <span class='ocrx_word' id='word_1_733' title='bbox 1651 2319 1697 2346; x_wconf 78' lang='grc' dir='ltr'>καὶ</span> <span class='ocrx_word' id='word_1_734' title='bbox 1714 2319 1745 2345; x_wconf 75' lang='grc' dir='ltr'>τὸ</span> <span class='ocrx_word' id='word_1_735' title='bbox 1764 2319 1863 2356; x_wconf 78' lang='grc' dir='ltr'>ἄρμε-</span> 
     </span>
    </p>
   </div>
   <div class='ocr_carea' id='block_1_109' title="bbox 1060 2364 1864 2401">
    <p class='ocr_par' dir='ltr' id='par_1_109' title="bbox 1060 2364 1864 2401">
     <span class='ocr_line' id='line_1_109' title="bbox 1060 2364 1864 2401; baseline -0.002 -8"><span class='ocrx_word' id='word_1_736' title='bbox 1060 2375 1103 2393; x_wconf 89' lang='grc' dir='ltr'><strong>νον</strong></span> <span class='ocrx_word' id='word_1_737' title='bbox 1120 2365 1197 2398; x_wconf 78' lang='grc' dir='ltr'>αὖθις</span> <span class='ocrx_word' id='word_1_738' title='bbox 1216 2366 1381 2398; x_wconf 76' lang='grc' dir='ltr'>ἐκπετάσας,</span> <span class='ocrx_word' id='word_1_739' title='bbox 1405 2365 1523 2397; x_wconf 86' lang='grc' dir='ltr'>εὐθέτως</span> <span class='ocrx_word' id='word_1_740' title='bbox 1545 2364 1721 2401; x_wconf 73' lang='grc' dir='ltr'>τπιδαλιουχεί</span> <span class='ocrx_word' id='word_1_741' title='bbox 1739 2364 1792 2400; x_wconf 78' lang='grc' dir='ltr'>τὴν</span> <span class='ocrx_word' id='word_1_742' title='bbox 1811 2365 1864 2392; x_wconf 81' lang='grc' dir='ltr'>ολ-</span> 
     </span>
    </p>
   </div>
   <div class='ocr_carea' id='block_1_110' title="bbox 1060 2409 1862 2445">
    <p class='ocr_par' dir='ltr' id='par_1_110' title="bbox 1060 2409 1862 2445">
     <span class='ocr_line' id='line_1_110' title="bbox 1060 2409 1862 2445; baseline -0.004 -7"><span class='ocrx_word' id='word_1_743' title='bbox 1060 2411 1138 2443; x_wconf 86' lang='grc' dir='ltr'>κάδα,</span> <span class='ocrx_word' id='word_1_744' title='bbox 1159 2411 1206 2438; x_wconf 74' lang='grc' dir='ltr'>καὶ</span> <span class='ocrx_word' id='word_1_745' title='bbox 1225 2411 1271 2437; x_wconf 79' lang='grc' dir='ltr'>τὸν</span> <span class='ocrx_word' id='word_1_746' title='bbox 1286 2410 1371 2437; x_wconf 80' lang='grc' dir='ltr'>πλοῦν</span> <span class='ocrx_word' id='word_1_747' title='bbox 1395 2409 1577 2445; x_wconf 84' lang='grc' dir='ltr'>ἀγαλλόμενος</span> <span class='ocrx_word' id='word_1_748' title='bbox 1597 2409 1709 2442; x_wconf 85' lang='grc' dir='ltr'>διανύει,</span> <span class='ocrx_word' id='word_1_749' title='bbox 1736 2409 1787 2435; x_wconf 78' lang='grc' dir='ltr'>τοῦ</span> <span class='ocrx_word' id='word_1_750' title='bbox 1805 2410 1862 2436; x_wconf 84' lang='grc' dir='ltr'><strong>κύ-</strong></span> 
     </span>
    </p>
   </div>
   <div class='ocr_carea' id='block_1_111' title="bbox 1062 2455 1863 2494">
    <p class='ocr_par' dir='ltr' id='par_1_111' title="bbox 1062 2455 1863 2494">
     <span class='ocr_line' id='line_1_111' title="bbox 1062 2455 1863 2494; baseline -0.001 -10"><span class='ocrx_word' id='word_1_751' title='bbox 1062 2466 1146 2493; x_wconf 84' lang='grc' dir='ltr'>ματος</span> <span class='ocrx_word' id='word_1_752' title='bbox 1165 2457 1359 2494; x_wconf 76' lang='grc' dir='ltr'>περιηχοῦντος</span> <span class='ocrx_word' id='word_1_753' title='bbox 1375 2458 1408 2492; x_wconf 83' lang='grc' dir='ltr'>τῇ</span> <span class='ocrx_word' id='word_1_754' title='bbox 1419 2456 1535 2492; x_wconf 80' lang='grc' dir='ltr'>τρόπιδι,</span> <span class='ocrx_word' id='word_1_755' title='bbox 1555 2456 1602 2483; x_wconf 78' lang='grc' dir='ltr'>καὶ</span> <span class='ocrx_word' id='word_1_756' title='bbox 1620 2455 1666 2482; x_wconf 80' lang='grc' dir='ltr'>τοῦ</span> <span class='ocrx_word' id='word_1_757' title='bbox 1687 2455 1772 2491; x_wconf 76' lang='grc' dir='ltr'>φοροῦ</span> <span class='ocrx_word' id='word_1_758' title='bbox 1784 2456 1863 2483; x_wconf 75' lang='grc' dir='ltr'>κατὰ</span> 
     </span>
    </p>
   </div>
   <div class='ocr_carea' id='block_1_112' title="bbox 1061 2501 1865 2539">
    <p class='ocr_par' dir='ltr' id='par_1_112' title="bbox 1061 2501 1865 2539">
     <span class='ocr_line' id='line_1_112' title="bbox 1061 2501 1865 2539; baseline -0.001 -10"><span class='ocrx_word' id='word_1_759' title='bbox 1061 2503 1188 2539; x_wconf 83' lang='grc' dir='ltr'>πρύμνης</span> <span class='ocrx_word' id='word_1_760' title='bbox 1209 2503 1349 2537; x_wconf 86' lang='grc' dir='ltr'>φυσῶντος</span> <span class='ocrx_word' id='word_1_761' title='bbox 1369 2502 1534 2537; x_wconf 87' lang='grc' dir='ltr'>πνεύματος.</span> <span class='ocrx_word' id='word_1_762' title='bbox 1560 2502 1592 2528; x_wconf 77' lang='lat' dir='ltr'><strong>El</strong></span> <span class='ocrx_word' id='word_1_763' title='bbox 1614 2501 1643 2528; x_wconf 87' lang='grc' dir='ltr'><strong>δέ</strong></span> <span class='ocrx_word' id='word_1_764' title='bbox 1671 2510 1722 2528; x_wconf 87' lang='grc' dir='ltr'><strong>που</strong></span> <span class='ocrx_word' id='word_1_765' title='bbox 1741 2502 1790 2528; x_wconf 81' lang='grc' dir='ltr'>καὶ</span> <span class='ocrx_word' id='word_1_766' title='bbox 1808 2511 1865 2529; x_wconf 80' lang='grc' dir='ltr'><strong>χυ-</strong></span> 
     </span>
    </p>
   </div>
   <div class='ocr_carea' id='block_1_113' title="bbox 1062 2548 1866 2585">
    <p class='ocr_par' dir='ltr' id='par_1_113' title="bbox 1062 2548 1866 2585">
     <span class='ocr_line' id='line_1_113' title="bbox 1062 2548 1866 2585; baseline 0 -9"><span class='ocrx_word' id='word_1_767' title='bbox 1062 2550 1187 2585; x_wconf 82' lang='grc' dir='ltr'>ματώδης</span> <span class='ocrx_word' id='word_1_768' title='bbox 1206 2550 1384 2576; x_wconf 79' lang='grc' dir='ltr'>ἐπανίσταται</span> <span class='ocrx_word' id='word_1_769' title='bbox 1402 2549 1480 2584; x_wconf 82' lang='grc' dir='ltr'>ζάλη,</span> <span class='ocrx_word' id='word_1_770' title='bbox 1510 2549 1583 2575; x_wconf 78' lang='grc' dir='ltr'>ἔστιν</span> <span class='ocrx_word' id='word_1_771' title='bbox 1607 2548 1652 2575; x_wconf 81' lang='grc' dir='ltr'>ὅτε</span> <span class='ocrx_word' id='word_1_772' title='bbox 1669 2550 1703 2584; x_wconf 81' lang='grc' dir='ltr'>τῇ</span> <span class='ocrx_word' id='word_1_773' title='bbox 1722 2550 1792 2584; x_wconf 82' lang='grc' dir='ltr'>σοφῇ</span> <span class='ocrx_word' id='word_1_774' title='bbox 1813 2549 1866 2576; x_wconf 83' lang='grc' dir='ltr'><strong>τέ-</strong></span> 
     </span>
    </p>
   </div>
   <div class='ocr_carea' id='block_1_114' title="bbox 1061 2593 1862 2631">
    <p class='ocr_par' dir='ltr' id='par_1_114' title="bbox 1061 2593 1862 2631">
     <span class='ocr_line' id='line_1_114' title="bbox 1061 2593 1862 2631; baseline -0.004 -9"><span class='ocrx_word' id='word_1_775' title='bbox 1061 2603 1112 2631; x_wconf 88' lang='grc' dir='ltr'>χνῃ</span> <span class='ocrx_word' id='word_1_776' title='bbox 1128 2595 1159 2622; x_wconf 85' lang='grc' dir='ltr'>τὸ</span> <span class='ocrx_word' id='word_1_777' title='bbox 1179 2595 1283 2629; x_wconf 82' lang='grc' dir='ltr'>σκάφος</span> <span class='ocrx_word' id='word_1_778' title='bbox 1301 2595 1393 2629; x_wconf 90' lang='grc' dir='ltr'>τίθησι</span> <span class='ocrx_word' id='word_1_779' title='bbox 1408 2593 1464 2620; x_wconf 87' lang='grc' dir='ltr'>τῶν</span> <span class='ocrx_word' id='word_1_780' title='bbox 1482 2593 1612 2628; x_wconf 85' lang='grc' dir='ltr'>κυμάτων</span> <span class='ocrx_word' id='word_1_781' title='bbox 1637 2593 1787 2630; x_wconf 83' lang='grc' dir='ltr'>ἀνώτερον,</span> <span class='ocrx_word' id='word_1_782' title='bbox 1809 2594 1862 2620; x_wconf 76' lang='grc' dir='ltr'>καὶ</span> 
     </span>
    </p>
   </div>
   <div class='ocr_carea' id='block_1_115' title="bbox 1060 2639 1867 2676">
    <p class='ocr_par' dir='ltr' id='par_1_115' title="bbox 1060 2639 1867 2676">
     <span class='ocr_line' id='line_1_115' title="bbox 1060 2639 1867 2676; baseline -0.001 -9"><span class='ocrx_word' id='word_1_783' title='bbox 1060 2641 1232 2676; x_wconf 84' lang='grc' dir='ltr'>ἀναυάγητον</span> <span class='ocrx_word' id='word_1_784' title='bbox 1249 2641 1390 2673; x_wconf 74' lang='grc' dir='ltr'>διασώζει·</span> <span class='ocrx_word' id='word_1_785' title='bbox 1412 2640 1458 2667; x_wconf 74' lang='grc' dir='ltr'>καὶ</span> <span class='ocrx_word' id='word_1_786' title='bbox 1477 2639 1504 2666; x_wconf 64' lang='lat' dir='ltr'><strong>si</strong></span> <span class='ocrx_word' id='word_1_787' title='bbox 1519 2648 1584 2666; x_wconf 86' lang='grc' dir='ltr'>ποτε</span> <span class='ocrx_word' id='word_1_788' title='bbox 1603 2639 1719 2674; x_wconf 86' lang='grc' dir='ltr'>νηνεμία</span> <span class='ocrx_word' id='word_1_789' title='bbox 1739 2639 1789 2666; x_wconf 75' lang='grc' dir='ltr'>καὶ</span> <span class='ocrx_word' id='word_1_790' title='bbox 1807 2648 1867 2673; x_wconf 82' lang='grc' dir='ltr'>γα-</span> 
     </span>
    </p>
   </div>
   <div class='ocr_carea' id='block_1_116' title="bbox 1060 2685 1866 2723">
    <p class='ocr_par' dir='ltr' id='par_1_116' title="bbox 1060 2685 1866 2723">
     <span class='ocr_line' id='line_1_116' title="bbox 1060 2685 1866 2723; baseline 0 -10"><span class='ocrx_word' id='word_1_791' title='bbox 1060 2687 1127 2723; x_wconf 89' lang='grc' dir='ltr'>λήνη</span> <span class='ocrx_word' id='word_1_792' title='bbox 1148 2686 1242 2722; x_wconf 78' lang='grc' dir='ltr'>βαθεῖα</span> <span class='ocrx_word' id='word_1_793' title='bbox 1271 2687 1400 2714; x_wconf 88' lang='grc' dir='ltr'>παντοίαν</span> <span class='ocrx_word' id='word_1_794' title='bbox 1428 2686 1588 2713; x_wconf 86' lang='grc' dir='ltr'>κατευνάσοι</span> <span class='ocrx_word' id='word_1_795' title='bbox 1614 2685 1776 2721; x_wconf 64' lang='grc' dir='ltr'>τρικυμία-ι,</span> <span class='ocrx_word' id='word_1_796' title='bbox 1801 2685 1866 2713; x_wconf 74' lang='grc' dir='ltr'>οὐδ’</span> 
     </span>
    </p>
   </div>
   <div class='ocr_carea' id='block_1_117' title="bbox 1060 2731 1863 2770">
    <p class='ocr_par' dir='ltr' id='par_1_117' title="bbox 1060 2731 1863 2770">
     <span class='ocr_line' id='line_1_117' title="bbox 1060 2731 1863 2770; baseline -0.002 -10"><span class='ocrx_word' id='word_1_797' title='bbox 1060 2733 1147 2765; x_wconf 77' lang='grc' dir='ltr'>οὕτως</span> <span class='ocrx_word' id='word_1_798' title='bbox 1173 2734 1272 2770; x_wconf 80' lang='grc' dir='ltr'>ἠρεμεῖ</span> <span class='ocrx_word' id='word_1_799' title='bbox 1304 2733 1351 2760; x_wconf 78' lang='grc' dir='ltr'>καὶ</span> <span class='ocrx_word' id='word_1_800' title='bbox 1385 2732 1528 2764; x_wconf 80' lang='grc' dir='ltr'>καθεύδει,</span> <span class='ocrx_word' id='word_1_801' title='bbox 1558 2731 1625 2758; x_wconf 82' lang='grc' dir='ltr'>ἀλλὰ</span> <span class='ocrx_word' id='word_1_802' title='bbox 1652 2733 1709 2763; x_wconf 82' lang='grc' dir='ltr'>τοῖς</span> <span class='ocrx_word' id='word_1_803' title='bbox 1743 2732 1863 2766; x_wconf 75' lang='grc' dir='ltr'>ἐρέταις</span> 
     </span>
    </p>
   </div>
   <div class='ocr_carea' id='block_1_118' title="bbox 1060 2778 1861 2814">
    <p class='ocr_par' dir='ltr' id='par_1_118' title="bbox 1060 2778 1861 2814">
     <span class='ocr_line' id='line_1_118' title="bbox 1060 2778 1861 2814; baseline -0.006 -7"><span class='ocrx_word' id='word_1_804' title='bbox 1060 2779 1233 2814; x_wconf 80' lang='grc' dir='ltr'>ἐγκελεύεται</span> <span class='ocrx_word' id='word_1_805' title='bbox 1251 2780 1299 2814; x_wconf 81' lang='grc' dir='ltr'>τὴν</span> <span class='ocrx_word' id='word_1_806' title='bbox 1318 2779 1384 2806; x_wconf 87' lang='grc' dir='ltr'>ναῦν</span> <span class='ocrx_word' id='word_1_807' title='bbox 1414 2778 1536 2805; x_wconf 83' lang='grc' dir='ltr'>ἐλαύνειν</span> <span class='ocrx_word' id='word_1_808' title='bbox 1560 2779 1617 2809; x_wconf 82' lang='grc' dir='ltr'>τοῖς</span> <span class='ocrx_word' id='word_1_809' title='bbox 1643 2779 1784 2812; x_wconf 77' lang='grc' dir='ltr'>ἐρετμοῖς,</span> <span class='ocrx_word' id='word_1_810' title='bbox 1810 2779 1861 2804; x_wconf 66' lang='grc' dir='ltr'>καὶ</span> 
     </span>
    </p>
   </div>
   <div class='ocr_carea' id='block_1_119' title="bbox 1060 2824 1863 2862">
    <p class='ocr_par' dir='ltr' id='par_1_119' title="bbox 1060 2824 1863 2862">
     <span class='ocr_line' id='line_1_119' title="bbox 1060 2824 1863 2862; baseline -0.004 -9"><span class='ocrx_word' id='word_1_811' title='bbox 1060 2827 1188 2862; x_wconf 84' lang='grc' dir='ltr'>παραινεῖ</span> <span class='ocrx_word' id='word_1_812' title='bbox 1210 2827 1305 2862; x_wconf 75' lang='grc' dir='ltr'>νήφειν</span> <span class='ocrx_word' id='word_1_813' title='bbox 1329 2825 1373 2852; x_wconf 88' lang='grc' dir='ltr'><strong>διὰ</strong></span> <span class='ocrx_word' id='word_1_814' title='bbox 1401 2825 1518 2856; x_wconf 78' lang='grc' dir='ltr'>παντὸς,</span> <span class='ocrx_word' id='word_1_815' title='bbox 1551 2824 1595 2850; x_wconf 84' lang='grc' dir='ltr'><strong>ἴνα</strong></span> <span class='ocrx_word' id='word_1_816' title='bbox 1621 2824 1684 2855; x_wconf 79' lang='grc' dir='ltr'>τοὺς</span> <span class='ocrx_word' id='word_1_817' title='bbox 1713 2824 1863 2856; x_wconf 71' lang='grc' dir='ltr'>κινδύνους</span> 
     </span>
    </p>
   </div>
   <div class='ocr_carea' id='block_1_120' title="bbox 1059 2868 1865 2908">
    <p class='ocr_par' dir='ltr' id='par_1_120' title="bbox 1059 2868 1865 2908">
     <span class='ocr_line' id='line_1_120' title="bbox 1059 2868 1865 2908; baseline -0.006 -8"><span class='ocrx_word' id='word_1_818' title='bbox 1059 2872 1219 2908; x_wconf 72' lang='grc' dir='ltr'>διαδράντας</span> <span class='ocrx_word' id='word_1_819' title='bbox 1238 2872 1301 2904; x_wconf 77' lang='grc' dir='ltr'>τοὺς</span> <span class='ocrx_word' id='word_1_820' title='bbox 1317 2870 1540 2906; x_wconf 82' lang='grc' dir='ltr'>ναυτιλλομένους</span> <span class='ocrx_word' id='word_1_821' title='bbox 1558 2869 1606 2896; x_wconf 79' lang='grc' dir='ltr'>σὺν</span> <span class='ocrx_word' id='word_1_822' title='bbox 1624 2869 1681 2899; x_wconf 74' lang='grc' dir='ltr'>τοῖς</span> <span class='ocrx_word' id='word_1_823' title='bbox 1699 2868 1865 2906; x_wconf 44' lang='lat' dir='ltr'><strong>horago“</strong></span> 
     </span>
    </p>
   </div>
  </div>
