1950 3065
128 134 178 162 645

618 132 704 161 V‘l'lA,
724 132 888 156 AUL'thL
904 132 1080 158 MILbAILLlL
1096 132 1263 160 bYNbELU.

1692 137 1745 166 646

129 193 305 224 εὐπλοοῦντας
327 189 367 226 τῷ
391 189 481 225 λιμένι
507 189 717 225 προσορμίσειεν
730 197 737 204 ·
758 188 826 215 ἀλλὰ
855 188 909 224 μὴν

960 190 1042 217 etiam
1067 198 1099 218 ac
1123 192 1266 226 caprarins
1292 191 1392 228 aliquis
1422 192 1496 220 feras
1525 194 1694 229 perniciosas
1718 199 1746 223 et

130 240 251 275 καθάπερ
268 247 310 270 τις
328 236 437 268 αἰπόλος
459 235 522 267 τοὺς
550 235 599 270 μέν
623 234 804 271 λυμαντικοὺς
822 235 908 272 θῆρας

129 285 304 322 ἐφορμῶντας
323 283 433 319 αἰχμαῖς
450 282 556 318 ἀμύνει,
573 282 619 308 καὶ
637 281 776 318 σφενδόνῃ,
795 282 841 308 καὶ
859 291 909 309 κα-

129 332 258 368 λαύροπι,
285 330 331 357 καὶ
357 329 445 365 μέσων
465 327 568 354 νυκτῶν
585 328 608 354 εἰ
627 327 781 363 πειραθεῖεν
799 327 910 364 ἐπιδρα-

131 379 198 414 μεῖν,
217 376 340 412 λαμπάσι
356 375 402 402 καὶ
421 374 506 410 πυρὸς
525 373 660 405 ἀκοντίοις
676 373 839 400 δεδίττεται·
859 382 908 400 πε-

130 425 268 461 ριφρουρεί
285 423 313 449 δέ
336 421 370 448 τὰ
398 421 523 457 πρόϐατα
550 420 637 456 πάντη
665 419 829 455 περιπολῶν⁷
855 419 909 446 τῶν

131 470 178 505 μὲν
196 467 364 506 φθοροποιῶν
382 466 428 493 καὶ
444 465 563 502 νοσερῶν
577 466 691 500 ἀπάγων
710 466 811 501 νομῶν,
827 466 872 492 ἐπὶ
882 466 910 492 δὲ

128 515 175 547 τὰς
195 514 373 550 ὀνησιφόρως
398 512 443 539 καὶ
461 511 607 542 καλλίστας
625 511 713 546 ἀγων·
741 511 787 538 καὶ
811 511 841 537 τὺ
861 511 910 547 μὲν

129 560 211 592 ἑστὼς
221 560 267 586 καὶ
275 559 358 593 ὑγιῶς
369 557 429 593 ἔχον
437 557 578 591 φυλάττων
587 557 687 589 ἀσινὲς,
698 556 729 583 τὺ
747 556 776 583 δέ
796 565 907 584 πεπτω-

128 609 184 640 κὸς,
195 609 212 644 ἢ
222 606 374 642 νενοσηκὸς,
384 605 400 642 ἥ
411 606 590 641 τεθλασμένον
597 626 604 637 ,
614 605 631 640 ἢ
641 605 908 641 τετραυματισμένον

128 653 257 690 ἀνορθῶν,
269 652 315 680 καὶ
334 652 532 688 περισφίγγων,
543 651 660 686 ἀλείφων
673 659 703 678 τε
721 650 767 678 καὶ
779 650 892 686 ἰώμενος
900 659 907 666 °

128 700 254 732 πολλάκις
272 700 300 726 δὲ
318 699 364 726 καὶ
381 698 436 725 τῶν
452 698 555 733 ὀνύχων
573 697 620 724 καὶ
637 697 779 732 στομάτων
794 696 848 723 τῶν
859 697 909 732 ἀρ-

128 746 267 774 πακτικῶν
283 745 385 781 θηρίων
408 745 439 771 τὸ
466 744 589 780 ἀρπαγέν
606 743 724 779 ἐμπνέον
741 743 780 769 ἐτι
798 742 845 770 καὶ
860 751 909 769 πε-

129 793 269 829 ρισπαῖρον
285 790 492 826 ἀποσπώμενος,
511 789 558 816 καὶ
576 788 773 824 ἀναζωπυρῶν,
793 788 840 815 καὶ
854 785 909 815 οἷον

128 839 159 865 ἐκ
177 837 291 864 θανάτου
316 837 385 872 πρὸς
411 835 484 872 ζωὴν
502 834 686 871 ἀνακομίζων·
711 834 757 861 τὸν
777 835 858 861 αὑτὸν
875 833 908 870 δὴ

126 883 225 920 τρόπον
235 883 249 909 ὁ
259 882 412 917 σοφώτατος
433 882 602 918 κυϐερνήτης
619 878 705 913 οὗτος,
723 880 803 907 οἱονεὶ
817 880 908 907 πλοῖον

126 929 174 965 τὴν
199 929 346 964 νεόπηκτον
362 927 491 961 οῐακίζειν
518 927 679 962 Ἐκκλησίαν
697 926 843 962 προαχθεὶς
855 946 862 959 ,
880 927 909 953 ἐν

129 976 202 1012 μέσῳ
220 975 354 1010 πελάγους
382 975 516 1006 κλύδωνος
541 973 708 1009 πανταχόθεν
731 972 908 1008 ἐπεγειρομὲ-

127 1030 186 1054 νου,
213 1021 259 1048 καὶ
291 1021 408 1057 ποίμνης
441 1020 552 1056 λογικῆς
582 1019 721 1054 νεογενοῦς
750 1018 909 1046 ἐπιστασίαν

127 1067 336 1104 ἐμπιστευθεὶς,
362 1068 412 1103 τῆς
430 1066 623 1102 εἰδωλομανίας
649 1065 766 1102 ἰσχυρῶς
791 1067 908 1101 ἐπικρα-

125 1114 235 1150 τούσης,
251 1113 299 1141 τοῦ
318 1123 347 1140 τε
371 1114 502 1149 τυράννου
528 1113 575 1139 καὶ
601 1112 654 1139 τῶν
672 1112 719 1138 τοῦ
738 1111 838 1147 κόσμου
856 1121 909 1147 μα-

127 1160 208 1187 ταίων
228 1160 326 1195 σοφῶν,
352 1160 398 1186 καὶ
425 1160 565 1196 ῥητόρων,
591 1158 682 1195 θηρῶν
701 1158 909 1195 ’ἐμμανέστερον

127 1204 196 1231 κατά
211 1204 266 1231 τῶν
285 1204 313 1238 ἐξ
346 1205 492 1240 Ἰουδαϊκῆς
518 1204 646 1236 σκιώδους
671 1203 873 1240 νομολατρείας,
892 1202 908 1238 ἤ

125 1251 174 1285 τῆς
196 1250 353 1286 Ἑλληνικῆς
375 1250 468 1282 ἀθεῖας
490 1250 535 1277 ἐπὶ
551 1250 601 1286 τὴν
625 1251 664 1282 είς
681 1249 798 1286 Χριστὸν
821 1249 907 1285 εὐαγῆ

127 1296 216 1324 πίστιν
243 1295 476 1332 μεταφοιτώντων,
498 1296 676 1331 μαινομένων,
693 1294 908 1330 εὐδοκιμώτατος

126 1343 289 1379 προστάτης,
316 1342 362 1370 καὶ
379 1341 566 1377 γνησιώτατος
592 1342 639 1368 τοῦ
657 1341 775 1378 Χριστοῦ
794 1341 906 1377 ποιμὴν,

125 1388 237 1422 καὶτῆς
260 1386 441 1422 ἀποστολικῆς
467 1385 627 1422 προεδρείας
651 1385 689 1417 ὡς
705 1384 812 1421 ἀληθῶς
833 1383 908 1416 ἄξιος

125 1433 274 1469 ἀνεδείχθη,
300 1433 346 1460 τὺν
369 1432 508 1459 θεόλεκτον
533 1432 596 1459 λαὸν
622 1431 791 1468 κηδεμονικῷ
814 1439 844 1457 τε
861 1430 908 1457 καὶ

125 1478 302 1513 φιλαγρύπνῳ
319 1477 364 1504 καὶ
382 1476 522 1516 θαρσαλέῳ
539 1476 675 1513 περιέπων
685 1477 848 1512 φρονήματι,
861 1476 907 1503 καὶ

123 1523 173 1559 τὴν
199 1524 248 1558 μὲν
262 1523 316 1550 τῶν
335 1523 481 1559 προφανῶν
495 1523 545 1557 τῆς
562 1522 678 1554 πίστεως
694 1521 849 1557 ἀλλοτρίων,
861 1521 907 1548 καὶ

123 1570 171 1596 τοῦ
188 1570 258 1596 θείου
276 1569 452 1606 κηρύγματος
477 1568 604 1595 ἐναντίων
628 1567 796 1599 λυσσωδίαν,
820 1569 855 1603 τῇ
878 1577 909 1594 τε

123 1615 179 1643 τῶν
202 1615 403 1651 καθαρωτάτων
420 1614 464 1641 καὶ
483 1613 728 1650 εὐπαρῤησιόιστων
751 1612 910 1649 προσευχῶν

123 1661 241 1696 εὐτονίᾳ,
259 1661 304 1687 καὶ
320 1662 380 1692 ταῖς
396 1660 449 1686 τῶν
465 1660 546 1686 ὁσίων
569 1659 668 1695 χειρῶν
684 1658 752 1695 πρὸς
767 1658 814 1685 τὸν
833 1658 910 1686 δυνά-

126 1715 206 1742 μενον
230 1706 338 1743 θραύειν
365 1705 449 1742 αὺτὴν
475 1705 542 1732 Θεὸν
573 1705 702 1732 ἐκτάσεσι
726 1704 772 1731 καὶ
789 1704 910 1732 ἐκτενέσι

123 1752 246 1787 δεήσεσιν
270 1752 502 1788 ἀποτρεπόμενος.

161 1798 217 1833 Τὴν
232 1798 260 1824 δὲ
275 1797 329 1824 τῶν
354 1797 527 1833 προσχήματι
559 1796 607 1831 μέν
629 1795 744 1827 οἰκείων,
762 1794 866 1831 ἐχθρῶν
881 1794 910 1821 δὲ

123 1844 262 1871 κακίστων
277 1843 353 1870 οὐδὲν
370 1844 480 1879 ἄμεινον
508 1842 695 1877 διακειμένων,
712 1841 757 1868 καὶ
774 1841 909 1877 προϐάτου

126 1891 174 1926 μὲν
190 1889 269 1926 δορὰν
286 1889 395 1916 ἔκτοθεν
424 1888 671 1924 περιϐεϐλημένων,
699 1887 755 1919 ἕξιν
770 1887 797 1914 δὲ
817 1887 908 1919 λύκου,

124 1935 172 1962 καὶ
198 1935 309 1971 γνώμην
344 1935 448 1962 ἔνδοθεν
479 1934 724 1970 βυσσοδομούντων,
754 1933 909 1969 εὐφώρατον

124 1982 193 2008 πᾶσι
208 1982 293 2013 τιθεὶς
309 1981 495 2017 κακορραφίαν
511 1989 541 2007 τε
558 1980 603 2007 καὶ
614 1980 762 2015 δολιότητα.
781 1979 836 2011 Τὰς
852 1979 910 2014 μέν-

123 2036 167 2054 τοι
182 2027 236 2054 τῶν
251 2027 384 2062 σοφιστῶν
400 2027 446 2054 καὶ
463 2027 585 2063 ρητόρων
604 2025 659 2053 τῶν
673 2026 743 2053 κατὰ
756 2025 804 2052 τοῦ
822 2033 909 2060 σωτη-

127 2074 184 2110 ρίου
201 2073 332 2109 δόγματος
357 2073 549 2108 σοφιζομένων,
567 2073 612 2099 καὶ
627 2072 807 2104 διαλεκτικαῖς
833 2072 911 2108 μεθό-

123 2120 190 2152 δοις,
209 2121 379 2154 σοφιστικαῖς
389 2128 419 2146 τε
444 2119 490 2146 καὶ
517 2120 674 2155 ῥητορικαῖς
689 2118 820 2154 δεινότησι
837 2128 908 2154 χρω-

127 2166 227 2202 μένων,
245 2166 399 2202 προτάσεις,
415 2166 553 2197 ἐνστάσεις
568 2174 598 2192 τε
615 2166 662 2192 καὶ
677 2165 826 2197 ἀντιθέσεις
841 2166 909 2202 ἀρά-

959 241 1128 270 grassantes,
1143 238 1268 273 cuspide,
1283 238 1378 272 funda,
1397 239 1528 275 virgaque
1544 241 1674 276 pastorali
1699 249 1745 268 ar-

960 289 1036 314 cens,
1049 283 1072 310 si
1083 283 1178 311 mediis
1191 285 1318 312 noctibus
1331 285 1503 313 incursiones
1515 285 1604 314 facere
1628 291 1745 321 tentent,

959 328 1065 356 facibus
1076 329 1191 365 telisque
1204 330 1290 365 igneis
1313 331 1429 363 territat,
1445 332 1564 359 custodit
1577 336 1667 360 autem
1681 341 1746 362 oves

960 374 1061 409 ubique
1070 375 1233 406 obcrrando,
1242 375 1303 403 illas
1315 384 1329 403 a
1344 377 1433 404 noxiis
1445 378 1555 412 pascuis
1568 378 1745 413 submovens,

959 423 986 446 et
996 418 1110 448 utilibus
1124 424 1205 456 atque
1219 422 1412 450 amoenissimis
1434 423 1568 452 inducens
1582 433 1589 452 :
1607 425 1679 460 quod
1699 425 1747 452 ﬁr-

960 473 1034 493 mum
1057 471 1099 494 est
1122 471 1203 502 atque
1228 475 1337 500 sanum,
1361 473 1506 496 conservat
1528 470 1674 503 incolume,
1689 472 1748 499 col-

959 513 1066 548 lapsum
1076 521 1152 546 vero,
1165 517 1191 540 et
1203 517 1349 549 aegrotans,
1368 518 1414 541 aut
1428 514 1544 542 fractum
1561 520 1608 543 aut
1618 518 1747 545 vulnera-

959 563 1017 587 tum
1033 559 1137 594 dirigit,
1153 559 1326 594 constringit,
1349 560 1428 595 ungit
1450 564 1476 587 et
1488 567 1608 596 reparat.
1621 562 1747 591 Plerum-

959 613 1012 640 que
1031 605 1103 632 enim
1129 605 1164 633 ab
1185 605 1324 640 unguibus
1334 609 1362 633 et
1388 613 1435 633 ore
1449 605 1567 634 ferarum
1593 609 1745 643 rapacium,

960 651 1033 686 quod
1058 655 1165 686 raptum
1191 656 1246 683 est,
1273 659 1361 686 neque
1375 651 1486 686 penitus
1499 658 1541 680 est
1563 658 1745 690 peremptum,

960 698 1008 726 sed
1024 697 1114 725 adhuc
1140 698 1226 733 spirat
1256 702 1283 725 et
1299 698 1423 733 palpitat,
1448 699 1550 731 avellit,
1574 704 1694 733 recreat,
1720 706 1747 730 et

961 750 1089 780 tanquam
1106 745 1140 773 de
1164 749 1254 773 morte
1277 745 1311 772 ad
1327 745 1411 773 vitam
1443 749 1562 773 revocat.
1586 744 1643 774 Hoc
1665 746 1748 775 modo

961 790 1184 826 sapientissimus
1198 789 1250 817 iste
1272 790 1437 824 gubernator
1452 790 1602 819 Ecclesiam
1624 796 1655 819 ut
1669 792 1748 820 navi—

961 837 1034 871 gium
1049 844 1136 872 nuper
1151 841 1322 871 compactum
1333 836 1362 863 in
1372 836 1461 864 medio
1474 837 1543 864 mari
1557 837 1684 866 lluctibus
1698 846 1748 866 un-

960 882 1042 917 dique
1058 881 1250 917 ingruentibus
1261 889 1356 917 regere
1370 889 1516 918 aggressus
1528 887 1587 916 est,
1611 888 1638 912 et
1655 885 1747 920 gregis

959 935 1047 964 nuper
1065 928 1121 955 nati
1142 927 1189 963 qui
1215 935 1329 962 compos
1355 931 1398 955 est
1413 929 1539 960 rationis,
1556 929 1747 964 praefecturam

958 974 1053 1010 gessit.
1091 973 1309 1001 Simulacrorum
1339 974 1403 1002 item
1435 975 1543 1003 insania
1570 975 1747 1004 vehementer

959 1019 1174 1055 ingravescente,
1190 1027 1253 1047 cum
1277 1019 1396 1055 tyranni,
1414 1024 1472 1047 tum
1486 1021 1634 1048 stultorum
1650 1021 1747 1049 mundi

959 1065 1125 1101 sapientum,
1149 1073 1181 1093 ac
1205 1065 1358 1098 rhetorum,
1383 1066 1430 1102 qui
1455 1071 1551 1094 contra
1571 1075 1619 1095 eos
1643 1067 1701 1104 (qui
1713 1076 1748 1096 ex

959 1110 1072 1138 Judaica
1089 1114 1117 1138 et
1128 1111 1270 1138 umbratili
1291 1112 1360 1147 legis
1380 1112 1583 1144 observatione,
1599 1114 1748 1149 gentilique

958 1155 1109 1191 impietate,
1132 1156 1167 1183 ad
1194 1161 1317 1183 sanctam
1337 1156 1439 1184 Christi
1471 1157 1551 1185 ﬁdem
1574 1158 1748 1194 trasplantati

959 1202 1034 1237 sunt)
1050 1202 1189 1230 crudelius
1212 1209 1294 1237 quam
1323 1202 1387 1231 fera:
1409 1203 1578 1238 desaeviunt,
1601 1204 1748 1240 praefectus

958 1249 1040 1284 377
1067 1249 1294 1282 laudatissimus,
1328 1253 1356 1277 et
1384 1251 1613 1285 generosissimus
1642 1251 1747 1280 Christi

958 1299 1063 1330 pastor.
1082 1298 1109 1322 et
1138 1294 1290 1330 apostolica
1319 1295 1482 1330 praefectura
1512 1304 1578 1324 sane
1607 1304 1689 1332 quam
1706 1297 1750 1325 di-

961 1348 1031 1376 gnus
1060 1341 1215 1369 declaratus
1243 1344 1304 1373 est,
1337 1343 1364 1368 et
1393 1341 1510 1369 electum
1541 1341 1589 1370 Dei
1617 1343 1747 1378 populum

963 1386 1128 1422 perspicaci,
1154 1386 1229 1422 vigili
1248 1393 1281 1413 ac
1300 1386 1438 1421 intrepido
1456 1387 1547 1414 animo
1566 1388 1646 1420 rexit,
1666 1392 1693 1416 et
1712 1388 1751 1416 fe-

958 1432 1066 1460 ritatem
1092 1439 1187 1460 eorum
1219 1432 1266 1467 qui
1285 1431 1393 1467 profani
1417 1436 1444 1460 et
1463 1433 1543 1461 alieni
1568 1440 1583 1460 a
1608 1433 1661 1462 ﬁde
1679 1442 1750 1469 prae-

959 1479 1092 1507 dicationi
1121 1478 1312 1511 adversantur,
1340 1479 1551 1514 purissimarum
1571 1487 1683 1515 precum
1703 1489 1749 1509 ce-

960 1525 1096 1557 lebritate,
1118 1532 1150 1552 ac
1169 1524 1298 1560 loquendi
1317 1525 1680 1561 lihertate,'sanctarumque
1691 1533 1749 1554 ma-

961 1580 1047 1600 nuum
1068 1572 1238 1604 extensione,
1259 1578 1311 1599 nec
1330 1579 1385 1598 non
1413 1571 1533 1599 assiduis
1560 1578 1625 1607 erga
1650 1571 1748 1606 Deum,

959 1619 1007 1654 qui
1024 1617 1112 1654 ipsam
1133 1618 1260 1653 frangere
1280 1616 1416 1645 feritatem
1446 1620 1548 1652 potest,
1567 1617 1749 1653 supplicatio-

960 1665 1042 1693 nibus
1060 1665 1248 1692 commutavit.

994 1797 1081 1826 Porro
1094 1804 1189 1825 eorum
1205 1796 1252 1832 qui
1276 1795 1424 1824 amicitiam
1446 1798 1610 1831 praetexunt,
1626 1802 1688 1822 cum
1704 1794 1748 1822 ni-

960 1843 1016 1872 hilo
1041 1851 1102 1871 sese
1126 1843 1256 1878 pessimis
1287 1842 1412 1870 hostibus
1440 1842 1539 1869 melius
1567 1841 1696 1881 habeant,
1720 1844 1749 1868 et

960 1891 1051 1918 ovium
1067 1890 1175 1926 quidem
1193 1889 1289 1925 pellem
1305 1889 1436 1921 exterius,
1465 1888 1521 1923 lupi
1536 1894 1601 1915 vero
1623 1886 1748 1914 habitum

960 1937 1076 1964 interius
1093 1935 1285 1963 circumcincti
1308 1935 1423 1962 insidias
1441 1934 1533 1962 animo
1547 1937 1668 1966 struunt,
1685 1940 1748 1968 per-

960 1982 1085 2017 spicuum
1101 1981 1230 2009 omnibus
1245 1980 1337 2008 dolum
1350 1983 1377 2007 et
1392 1979 1515 2008 fraudem
1530 1979 1605 2007 fecit.
1619 1978 1748 2013 Proposi-

960 2028 1049 2055 tiones
1064 2035 1140 2060 vero,
1158 2027 1324 2054 intentiones
1344 2034 1376 2053 ac
1393 2026 1581 2061 oppositiones
1607 2025 1747 2060 sophista—

960 2082 1021 2101 rum
1035 2074 1228 2108 rhetorumque
1240 2077 1335 2100 contra
1352 2072 1504 2100 Servatoris
1519 2071 1672 2099 doctrinam
1687 2071 1747 2098 dis-

961 2120 1122 2152 serentium,
1139 2127 1172 2146 ac
1186 2119 1335 2147 dialecticis
1359 2118 1467 2146 dicendi
1483 2117 1635 2145 rationibus
1653 2116 1748 2152 sophi-

961 2165 1092 2200 sticisque
1114 2172 1147 2192 ac
1172 2164 1317 2192 rhetoricis
1338 2164 1507 2199 argumentis
1526 2162 1670 2196 utentium,
1686 2169 1748 2190 ara-

124 2219 193 2246 χνης
226 2211 297 2238 ἱστὸν
323 2211 477 2238 εὐδιάλυτον
509 2213 602 2247 ἡγεῖτο
632 2211 678 2238 καὶ
703 2211 907 2246 εὐδιάθρυπτον,

961 2219 1020 2239 nea:
1037 2212 1130 2243 telam,
1156 2218 1216 2246 quae
1243 2210 1358 2238 dissolvi
1380 2217 1412 2237 ac
1441 2209 1530 2244 frangi
1549 2208 1629 2236 facile
1647 2207 1746 2243 possit.

124 2257 213 2292 ῥᾷστα
242 2257 450 2294 διασπαράττων
466 2257 513 2284 καὶ
531 2257 644 2284 διαλύων
673 2257 777 2284 ἕκαστα
791 2257 825 2284 τὰ
842 2258 910 2293 πρὸς

123 2301 215 2328 αὐτῶν
240 2301 367 2337 κλεψίνοα
384 2302 588 2337 σοφιστεύματά
602 2311 632 2329 τε
650 2302 696 2329 καὶ
712 2302 890 2338 προϐλήματα
900 2311 907 2317 ·

123 2347 192 2375 ἀλλὰ
211 2347 262 2383 μὴν
272 2347 339 2382 πρὸς
354 2349 416 2379 τοὺς
432 2347 578 2383 πολεμίους
594 2347 644 2383 τῆς
654 2347 776 2383 ἀτραποῦ
793 2347 844 2383 τῆς
862 2357 910 2374 σω-

121 2392 221 2428 τηρίας
253 2393 410 2428 ἐγρηγορὼς
438 2392 560 2424 διετέλει,
576 2394 610 2428 τῇ
636 2392 831 2428 παντοδυνάμῳ
862 2392 909 2419 τοῦ

122 2438 193 2465 Θεοῦ
211 2439 257 2465 καὶ
282 2438 412 2473 βασιλέως
427 2438 505 2473 ἡμῶν
522 2438 639 2474 Χριστοῦ
655 2438 807 2474 δυναστείᾳ,
824 2447 910 2466 κατα-

124 2483 242 2511 στέλλων
267 2483 357 2510 αὐτῶν
382 2484 412 2509 τὺ
437 2483 578 2519 φρύαγμα,
605 2483 651 2510 καὶ
672 2483 723 2519 τὴν
736 2483 910 2519 ψευδώνυμον

122 2530 225 2561 γνῶσιν
241 2529 393 2564 διελέγχων.
407 2529 461 2555 Καὶ
479 2529 540 2564 περὶ
554 2528 651 2555 πολλοῦ
669 2529 718 2564 μὲν
729 2530 844 2556 ἐποιεῖτο
856 2529 911 2556 τῶν

125 2575 353 2613 μαθητευομένων
371 2575 465 2610 ψυχῶν
482 2574 633 2609 ἐξαλείφειν
653 2575 688 2602 τὰ
707 2575 800 2611 πρῴην
817 2575 911 2608 κακῶς

123 2622 327 2658 ἐνσημανθέντα
342 2622 391 2657 τῆς
406 2622 548 2657 ἀθεότητος
567 2622 614 2648 καὶ
631 2621 793 2657 βδελυγμίας
806 2622 911 2657 χαράγ-

124 2677 216 2704 ματα·
234 2668 433 2705 μετεγγράφειν
456 2668 486 2695 δὲ
502 2667 538 2694 τὰ
561 2667 610 2703 τῆς
633 2667 787 2699 θεοσεϐείας
802 2669 911 2704 καὶτῆς

122 2714 312 2750 ὐπερκοσμίου
330 2714 423 2748 σοφίας
435 2713 597 2749 διδάγματα.
612 2713 658 2750 Μὴ
669 2714 732 2746 τοὺς
744 2715 866 2750 καρποὺς
882 2715 911 2741 δέ

120 2759 361 2796 τῶνάπαρεδίδου
389 2760 434 2787 καὶ¹
458 2759 626 2792 ἐξεδίδασκεν
657 2760 792 2794 ἀπαιτεῖν,
815 2761 852 2793 ὡς
878 2761 911 2788 ἂν

121 2804 230 2840 οἰηθείη
243 2814 295 2836 τις,
307 2804 416 2841 ἡμέλει·
438 2803 469 2831 οὐ
485 2805 534 2840 μὲν
556 2802 612 2835 οὖν,
628 2804 694 2832 ἀλλά
709 2805 770 2840 δίχα
786 2805 911 2841 πράξεων

122 2852 173 2882 τὰς
185 2850 239 2877 τῶν
253 2850 331 2878 θείων
346 2851 432 2886 λόγων
459 2851 572 2887 μυήσεις
594 2851 767 2887 ὑπαρχούσας
783 2852 909 2888 δένδροις,

960 2258 1145 2289 existimabat,
1163 2261 1190 2284 et
1204 2264 1299 2284 eorum
1325 2255 1431 2289 noxias,
1445 2255 1634 2283 cavillationes
1664 2258 1747 2290 atque

960 2303 1128 2338 problemata
1159 2302 1267 2337 singula
1291 2301 1470 2333 dilacerabat,
1496 2304 1523 2329 et
1546 2300 1675 2328 facillime
1688 2299 1747 2328 dis-

961 2348 1092 2376 solvebat.
1108 2346 1181 2380 Quin
1195 2347 1276 2375 etiam
1293 2347 1424 2375 adversus
1442 2347 1503 2374 vitae
1519 2346 1616 2374 salutis
1641 2346 1745 2378 hostes,

961 2393 1009 2422 Dei
1019 2397 1046 2421 et
1065 2393 1137 2429 regis
1152 2393 1239 2420 nostri
1250 2392 1353 2420 Christi
1363 2393 1494 2428 potentia,
1510 2401 1570 2428 quae
1586 2393 1677 2420 omnia
1698 2400 1748 2428 po-

961 2444 1025 2472 test,
1041 2439 1158 2474 vigilans
1167 2439 1343 2474 perdurahat,
1360 2439 1486 2468 fremitus
1504 2441 1612 2467 illorum
1627 2439 1748 2475 compri-

961 2492 1050 2516 mens,
1063 2488 1090 2512 et
1105 2483 1166 2512 falsi
1182 2484 1303 2512 nominis
1331 2485 1474 2512 scientiam
1493 2485 1630 2513 refellens.
1658 2485 1747 2520 Atque

961 2530 1073 2558 maximi
1097 2530 1209 2565 quidem
1234 2530 1338 2558 referre
1363 2530 1547 2564 existimabat,
1564 2531 1588 2559 si
1603 2531 1747 2559 cicatrices

962 2577 1108 2612 impietatis
1130 2580 1157 2604 et
1172 2576 1397 2610 abominationis,
1419 2585 1480 2612 quae
1496 2585 1640 2613 perperam
1665 2580 1745 2604 antea

961 2623 1061 2650 inustas
1073 2622 1192 2654 fuerant,
1215 2629 1231 2649 a
1244 2622 1442 2657 discipulorum
1460 2623 1559 2650 animis
1575 2623 1707 2652 aboleret,
1720 2627 1747 2648 et

962 2669 1061 2696 divinae
1075 2667 1196 2703 pietatis,
1221 2668 1395 2704 cmlestisque
1410 2669 1551 2704 sapientiae
1567 2671 1702 2703 pmcepta
1713 2666 1744 2693 il-

962 2715 1049 2742 larum
1062 2715 1122 2743 loco
1133 2715 1312 2751 imprimeret.
1325 2715 1418 2751 Neque
1431 2723 1495 2742 vero
1507 2722 1601 2742 eorum
1616 2720 1676 2748 quae
1689 2716 1747 2740 tra-

962 2760 1070 2789 diderat
1083 2765 1166 2797 atque
1190 2761 1331 2793 docuerat,
1357 2761 1464 2789 fructus
1480 2760 1521 2796 (ut
1536 2759 1636 2794 aliquis
1647 2757 1746 2786 existi-

962 2814 1038 2835 mare
1061 2810 1166 2843 posset)
1192 2811 1316 2843 repetere
1339 2806 1508 2842 negligebat;
1532 2805 1645 2832 minime
1669 2811 1744 2835 vero,

963 2853 1029 2889 quin
1045 2853 1201 2882 divinorum
1224 2860 1382 2882 sermonum
1404 2851 1544 2888 mysteria,
1560 2858 1620 2886 quae
1631 2858 1686 2878 non
1702 2858 1746 2878 rer
