1950 3065
225 128 275 154 (δι-1

817 125 847 154 S.
866 125 1019 152 DlONYSll
1036 125 1275 154 AREOPAGITE‘

1795 127 1843 154 648

224 187 268 209 ate
283 181 362 209 factis
390 182 553 213 niterentur,
578 181 723 208 arboribus
747 180 873 208 foliorum
899 181 1008 215 quidem

1063 181 1168 216 φύλλων
1184 182 1232 217 μὲν
1246 181 1372 217 εὺΟαλείᾳ
1384 181 1516 216 κομῶσιν,
1525 181 1663 218 ἀκαρπίαν
1673 182 1703 209 δὲ
1714 182 1842 215 νοσιῢσιν,

224 228 348 255 ubertate
363 228 479 259 ornatis,
506 231 635 254 crateram
651 226 797 254 sterilitate
818 226 1009 253 laborantibus

223 274 324 301 similia
348 281 410 301 esse
437 273 622 306 asseverabat,
637 277 663 299 et
689 272 765 299 ﬁdem
793 272 853 299 sine
881 272 1009 306 operibus

224 323 359 346 mortuam
378 327 439 347 esse
457 320 586 350 ducebat,
607 318 734 353 istudque
753 318 779 344 in
798 318 893 353 primis
907 318 1010 345 doctri-

224 373 259 392 na
270 366 344 394 illius
355 366 506 400 spectabat,
521 366 559 391 uti
576 364 668 391 ﬁdeles
684 364 873 390 mandatorum
886 371 946 391 sese
961 364 1010 390 ob-

224 412 425 439 servationibus
442 411 620 442 decorarent;
636 417 725 444 neque
750 410 835 436 ullum
863 409 937 436 aliud
949 417 1010 437 cer-

225 459 279 485 tius
301 461 490 494 argumentum
515 457 631 484 sincera:
648 459 675 483 et
691 456 797 483 stabilis
813 456 841 482 in
869 455 1009 483 Christum

225 505 286 532 ﬁdei
305 509 332 532 et
346 504 503 532 dilectionis
525 503 643 531 existere
670 502 788 534 dicebat,
815 501 966 529 admonens
980 504 1010 528 ut

223 549 392 577 horrendum
417 548 541 576 futurum
568 547 703 582 judicium
728 547 963 582 pertimescerent,
981 546 1009 573 in

223 604 278 631 quo
298 595 414 630 quisque
432 598 515 630 prout
533 594 633 620 vixerit
648 597 695 620 aut
706 593 803 628 egerit,
818 593 951 619 rationem
967 595 1010 620 est

223 641 399 669 redditurus:
422 644 448 667 et
463 648 525 667 eum
547 639 655 674 quidem
674 638 720 674 qui
746 642 849 665 rectam
867 637 946 665 tidem
961 645 1010 665 cu-

223 686 359 716 stodierit,
385 689 412 712 et
433 684 517 711 vitam
538 683 697 711 Christiano
712 683 772 710 viro
796 686 1009 710 consentaneam

222 732 318 768 egerit,
335 735 417 766 atque
434 731 593 764 incorrupto
612 729 698 763 judici
714 732 787 756 recte
803 727 882 755 factis
899 728 1009 762 placue-

221 779 269 810 rit,
286 781 444 812 perpetuam
463 776 597 802 bonorum
611 782 673 801 vere
685 774 827 801 beatorum
840 773 1009 808 voluptatem

222 828 426 860 percepturum.
456 822 508 855 Qui
527 829 592 850 vero
615 821 717 856 optima
736 822 798 847 vita:
823 821 959 851 instituta,
983 823 1009 847 et

1060 226 1177 253 ἐοικέναι
1199 226 1388 262 διισχυρίζετο·
1408 227 1454 253 καὶ
1472 226 1522 262 τὴν
1544 227 1635 254 πίστιν
1655 229 1739 264 χωρὶς
1763 229 1844 264 ἔργων

1060 271 1129 299 εἶναι
1142 272 1241 308 νεκρὰν
1262 273 1441 305 ἐξεπαίδευεν,
1465 272 1657 308 ὑποτιθέμενος
1679 274 1775 309 χρῆναι
1784 275 1845 307 τοὺς

1061 317 1172 348 πιστοὺς
1186 319 1296 352 κοσμεῖν
1312 317 1424 349 ἑαυτοὺς
1437 319 1496 349 ταῖς
1506 317 1559 343 τῶν
1573 317 1687 344 ἐντολῶν
1707 319 1842 354 τηρήσεσι,

1060 364 1106 390 καὶ
1129 363 1211 399 μηδὲν
1233 363 1426 398 ἐναργέστερον
1443 363 1506 390 ἄλλο
1520 363 1536 398 ἢ
1548 363 1630 389 τοῦτο
1652 363 1844 398 καθεστηκέναι

1059 409 1108 444 τῆς
1122 408 1289 444 ἀκραιφνοῦς
1300 409 1346 435 καὶ
1361 409 1520 444 βεϐαίαςείς
1533 409 1652 444 Χριστὸν
1670 409 1786 442 πίστεως
1801 411 1845 437 καὶ

1060 454 1170 489 ἀγάπης
1181 454 1334 489 γνώρισμα,
1352 454 1398 481 καὶ
1409 455 1522 481 δεδιέναι
1537 454 1670 481 νουθετῶν
1685 455 1769 482 ἀεὶτὸ
1787 455 1846 490 μέλ-

1060 500 1105 526 λον
1124 499 1258 535 φρικῶδες
1273 500 1471 536 δικαιωτήριον,
1498 500 1558 527 καθ’
1572 501 1586 527 ὃ
1601 501 1655 527 τῶν
1676 501 1845 537 βεϐιωμένων

1060 554 1089 572 τε
1104 546 1150 572 καὶ⁵
1173 546 1373 582 πεπραγμένων
1390 546 1606 582 ἀπαιτηθήσεται
1627 547 1704 581 λόγον
1719 547 1843 580 Excute;-

1060 593 1107 619 καὶ
1117 592 1146 624 ὃς
1165 592 1214 627 μὲν
1236 592 1317 628 ὀρθὴν
1345 592 1435 619 πίστιν
1460 592 1589 627 φυλάξας,
1616 593 1845 629 χριστιανοπρεπῆ

1063 636 1224 672 μετελήλυθε
1245 636 1310 672 βίον,
1324 637 1371 663 καὶ
1383 637 1422 673 τῷ
1437 637 1578 674 ἀδεκάστῳ
1597 640 1676 674 κριτῇ
1692 639 1748 670 τοῖς
1758 639 1846 674 ἔργοις

1061 683 1239 719 εὐηρέστησε,
1254 684 1303 718 τὴν
1315 683 1368 710 τῶν
1383 683 1466 715 ὅντως
1483 683 1625 719 μακαρίων
1640 684 1748 717 ἀγαθῶν
1757 684 1845 712 διαιω-

1060 729 1185 762 νίζουσαν
1200 731 1290 766 χλιδὴν
1309 731 1491 767 ἀπολήψεταιι
1509 731 1538 763 ὃς
1552 731 1580 758 δὲ
1593 731 1630 767 μὴ
1644 733 1678 767 τῇ
1691 731 1780 758 πίστει
1795 732 1845 767 τὴν

1060 777 1172 812 ἀρίστην
1184 777 1319 803 πολιτείαν
1335 777 1381 803 καὶ
1393 777 1491 812 πρᾶξιν
1507 777 1685 812 προσέθηκεν,
1699 777 1767 804 ἀλλά
1781 778 1845 804 ταύ-

1059 831 1109 858 την
1118 824 1151 858 τῇ
1170 823 1254 858 κακίᾳ
1269 823 1428 858 κατέχρανε,
1456 823 1505 858 τὴν
1524 823 1603 856 ἀξίαν
1621 823 1671 858 τῆς
1687 823 1753 855 ἰδίας
1769 824 1846 850 ἀϐελ-

222 877 304 904 opera
317 867 377 895 ﬁdei
390 876 446 895 non
460 867 625 902 adjunxerit,
639 866 686 894 sed
704 866 774 892 hanc
790 865 853 892 vita:
863 865 946 900 378
959 869 1008 891 tur-

1061 868 1158 904 τηρίας
1180 868 1410 903 εἰσ-πραχθήσεται
1424 868 1511 903 δίκην,
1532 868 1658 896 ἀνένδοτά
1673 877 1702 896 τε
1717 870 1763 896 καὶ
1780 871 1846 896 ἀπέ-

222 915 346 950 pitudine
364 913 567 944 contaminarit,
581 913 671 948 justas
688 913 761 939 hunc
778 912 893 947 propria;
916 919 1011 938 amen-

222 961 267 988 tiae
290 968 385 995 pennas
412 959 552 991 daturum,
575 962 602 986 et
626 958 803 985 severissima
825 965 857 984 ac
879 960 1010 992 perpetuo

222 1007 349 1035 cruciatu
371 1006 554 1042 torquendum
570 1005 670 1032 aiebat.
696 1003 798 1031 Omnes
813 1003 915 1030 docens
932 1003 1010 1029 insti-

222 1059 357 1089 tuensque
370 1054 446 1087 juxta
463 1051 647 1087 evangelicam
668 1051 750 1077 vitam
774 1054 801 1077 et
824 1049 1009 1084 apostolorum

222 1099 398 1127 traditionem
412 1099 553 1125 ambulare
568 1101 649 1132 atque
664 1097 755 1123 vivere
774 1100 927 1130 opportune
942 1102 1011 1130 prte-

222 1146 368 1173 dicationis
384 1153 541 1173 mensuram
554 1144 581 1171 in
595 1144 699 1179 judicio
716 1141 952 1177 disponens.Nam
970 1141 1010 1168 in-

223 1192 312 1220 fantes
327 1192 422 1218 habitu
446 1199 598 1226 recensque
620 1194 699 1218 natos
725 1190 804 1222 lacte,
820 1188 872 1215 hoc
886 1191 928 1215 est
942 1187 1009 1215 sim-

222 1237 383 1271 plicioribus
409 1240 436 1263 et
465 1236 562 1271 primis
590 1236 788 1263 elementorum
822 1234 1008 1262 rudimentis;

222 1287 301 1310 aetate
315 1291 377 1311 vero
391 1282 594 1318 perfectos,qui
609 1282 695 1310 virilis
710 1282 763 1309 cibi
778 1288 893 1316 capaces
907 1284 1009 1313 essent,

224 1333 316 1364 utpote
332 1329 379 1364 qui
404 1335 520 1363 corpore
540 1329 622 1356 simul
635 1332 662 1355 et
677 1328 768 1355 animo
785 1328 869 1363 probe
892 1331 955 1354 ante
966 1334 1010 1354 es-

222 1378 284 1402 sent
295 1376 412 1409 purgati,
434 1374 556 1409 perfecta
566 1377 593 1401 et
608 1381 708 1401 arcana
725 1374 856 1408 sapientia
872 1372 1010 1399 nutriebat

221 1420 284 1455 plus
297 1420 420 1447 moribus
436 1427 506 1454 quos
522 1420 550 1446 in
565 1419 657 1454 seipso
678 1418 915 1454 przemonstrabat,
928 1425 1008 1452 quam

221 1473 349 1493 sermone
373 1465 486 1497 docens,
511 1466 612 1500 optima
636 1465 745 1493 virtutis
770 1464 857 1492 forma
875 1464 948 1499 gregi
967 1464 1008 1490 fa-

222 1515 292 1540 ctus.
313 1512 465 1539 Commune
478 1512 550 1538 enim
576 1510 704 1538 Ecclesize
721 1518 831 1545 corpus,
849 1509 921 1544 quod
939 1509 1009 1535 mul~

221 1559 257 1586 tis
271 1558 409 1593 variisque
426 1565 488 1584 cum
511 1557 637 1592 gentibus
654 1561 681 1584 et
697 1557 830 1589 moribus,
855 1560 912 1583 tum
931 1555 1009 1583 insti-
1022 1543 1044 1572 ε

221 1604 289 1631 tutis
306 1608 333 1630 et
353 1603 456 1638 legibus
483 1606 602 1634 constat,
631 1603 689 1637 ipse
707 1603 835 1638 simplex,
853 1601 1007 1636 multiplex,

221 1652 248 1676 et
265 1649 357 1676 varius
374 1649 553 1684 gubernabat.
578 1648 698 1683 Simplex
716 1649 825 1684 quidem
844 1647 1009 1675 rectitudine

221 1697 247 1720 et
264 1694 390 1725 veritate,
421 1693 456 1720 ab
486 1694 561 1720 omni
588 1694 711 1720 versutia
739 1697 766 1721 et
790 1693 885 1720 fraude
902 1693 1009 1720 alienus

170 1747 172 1749 ’
221 1740 369 1767 exsistens.
396 1739 495 1767 Varius
513 1744 603 1767 autem
621 1740 695 1767 omni
725 1744 808 1768 rectm
835 1739 1010 1766 administra-

222 1787 305 1814 tionis
320 1790 347 1814 et
362 1786 532 1821 prmfeeturte
550 1787 666 1814 artiﬁcio
691 1791 780 1822 aptam
799 1787 914 1823 singulis
929 1795 1009 1814 cura—

223 1832 323 1859 tionem
336 1835 361 1859 et
373 1832 481 1859 vivendi
502 1833 635 1859 rationem
653 1832 787 1866 aﬂ‘crens;
801 1837 827 1860 et
841 1833 888 1860 uni
901 1833 1009 1867 quidem

221 1878 412 1911 aagrotantium
439 1886 531 1911 unam,
557 1879 634 1906 alteri
661 1887 726 1906 vero
743 1879 855 1906 alteram
872 1879 1009 1907 salubrem

222 1923 384 1950 medicinam
418 1925 555 1959 sapienter
587 1925 798 1959 necessarioque
837 1924 1007 1952 admovebat.

221 1967 289 1994 Nam
306 1973 332 1995 et
345 1973 487 1997 currentes
514 1970 685 2002 hortabatur,
702 1974 731 1997 ut
747 1978 841 1997 eorum
859 1977 919 2005 qua:
934 1975 1009 1997 retro

222 2018 287 2042 sunt
302 2015 389 2048 obliti,
406 2015 440 2042 ad
452 2016 586 2043 anteriora
608 2017 833 2049 extenderentur;
846 2024 943 2044 rursus
956 2020 1008 2043 tor-

222 2065 319 2095 pentes
343 2062 511 2097 ignavosque
528 2063 561 2090 ad
587 2064 768 2091 imitationem
797 2063 880 2098 probe
896 2071 1010 2091 curren-

223 2107 290 2133 tium
320 2107 486 2143 impellebat.
505 2109 580 2142 Quod
599 2110 622 2137 si
636 2110 695 2137 ovis
707 2110 741 2137 ab
754 2109 819 2136 ovili
846 2110 936 2146 aliqua
952 2110 1009 2136 exi-

222 2153 309 2187 lisset,
329 2155 462 2191 longeque
493 2157 659 2188 aberrasset,
686 2158 713 2184 in
741 2156 935 2184 solitudinibus
955 2157 1009 2184 cir-

1063 923 1145 950 ραντα
1167 913 1372 949 κολασθήσεται.
1403 914 1510 945 Πάντας
1534 914 1587 950 γὰρ
1602 915 1784 949 ἐπαιδαγώγει
1800 917 1846 942 καὶ

1061 959 1208 995 ἐρρύθμιζε
1219 958 1289 985 κατὰ
1302 959 1351 994 τὴν
1365 959 1543 995 εὐαγγελικὴν
1553 958 1669 994 βαδίζειν
1685 960 1786 995 τρίϐον,
1800 961 1846 986 καὶ

1060 1005 1131 1032 κατὰ
1145 1006 1194 1041 τὴν
1209 1005 1388 1040 ἀποστολικὴν
1401 1005 1518 1032 διαϐιοῦν
1532 1005 1689 1041 παράδοσιν,
1707 1006 1776 1033 κατὰ
1787 1015 1833 1033 και

1063 1052 1107 1088 ρὺν
1127 1051 1274 1087 οίκονομῶν
1296 1051 1324 1078 ἐν
1344 1051 1432 1087 κρίσει
1446 1051 1492 1078 τοῦ
1512 1052 1592 1086 λόγου
1612 1052 1642 1078 τὺ
1658 1052 1843 1088 σιτομέτριον·

1059 1098 1123 1129 τοὺς
1137 1097 1185 1132 μὲν
1201 1097 1254 1132 γὰρ
1277 1096 1316 1123 ἔτι
1341 1097 1390 1132 τὴν
1415 1097 1470 1130 ἕξιν
1497 1098 1609 1133 νηπίους
1624 1098 1670 1124 καὶ¹
1685 1098 1846 1134 ἀρτνπαγεῖς

1061 1143 1157 1180 ἔτρεφε
1175 1143 1300 1178 γάλακτι,
1322 1145 1379 1175 τοῖς
1404 1143 1600 1180 ἁπλουστέροις
1624 1145 1695 1180 φημὶ
1710 1145 1758 1171 καὶ
1777 1154 1846 1172 στοι-

1061 1189 1263 1226 χειωδεστέροις
1285 1189 1444 1225 διδάγμασι·
1465 1191 1528 1221 τοὺς
1541 1190 1568 1216 δὲ
1582 1190 1700 1223 τελείους
1717 1192 1767 1227 τὴν
1789 1193 1847 1227 ὴλιε

1061 1236 1134 1267 κίαν,
1150 1236 1197 1262 καὶ
1206 1236 1255 1271 τὴν
1270 1235 1379 1271 ἀνδρίαν
1393 1235 1501 1267 ἱκανοὺς
1516 1236 1717 1272 προσφέρεσθαι
1731 1238 1845 1272 τροφὴν,

1061 1282 1108 1309 ἅτε
1123 1281 1154 1317 δὴ
1171 1281 1260 1313 καλῶς
1282 1281 1361 1316 σῶμά
1378 1290 1408 1308 τε
1436 1282 1482 1307 καὶ
1508 1281 1596 1317 ψυχὴν
1621 1283 1846 1318 προκεκαθαρμὲ-

1059 1336 1130 1360 νους,
1145 1329 1178 1363 τῇ
1190 1327 1280 1363 τελείᾳ
1296 1327 1343 1354 καὶ
1361 1328 1479 1363 μυστικῇ
1491 1327 1582 1363 σοφίᾳ,
1598 1327 1637 1363 τῷ
1652 1329 1745 1364 τρόπῳ
1765 1329 1847 1356 πλέον

1059 1374 1106 1406 ὢν,
1118 1374 1145 1400 ἐν
1160 1373 1249 1409 ἑαυτῷ
1264 1373 1431 1408 προεδείκνυ,
1452 1373 1594 1409 χαρακτὴρ
1611 1374 1720 1410 ἄριστος
1744 1375 1848 1410 ἀρετῆς

1059 1422 1115 1452 τοῖς
1128 1420 1344 1456 ποιμαινομένοις
1358 1420 1526 1456 γιγνόμενος,
1539 1420 1554 1456 ἢ
1570 1421 1608 1456 τῷ
1619 1421 1689 1456 λόγῳ
1699 1422 1845 1449 διδάσκων*

1059 1466 1106 1492 τοῦ
1123 1466 1177 1502 γὰρ
1197 1465 1286 1492 κοινοῦ
1306 1466 1356 1501 τῆς
1377 1465 1537 1501 Ἑκκλησίας
1558 1465 1682 1501 σώματος
1694 1468 1725 1493 ἐκ
1741 1467 1849 1495 πολλῶν

1060 1513 1106 1539 καὶ
1119 1512 1254 1547 διαφόρων
1271 1511 1365 1544 ἐθνῶν,
1382 1512 1429 1538 καὶ
1445 1511 1528 1546 ἠθῶν,
1552 1512 1599 1538 καὶ
1611 1512 1719 1548 τρόπων
1735 1514 1783 1540 καὶ
1805 1513 1850 1540 λό-

1059 1566 1114 1592 γων
1135 1558 1323 1593 συγκειμένου,
1347 1557 1471 1593 κηδεμὼν
1495 1557 1597 1589 ἁπλοῦς
1613 1556 1646 1593 ἦν
1661 1560 1675 1585 ὁ
1689 1558 1782 1591 αὐτὸς,
1800 1560 1850 1586 καί

1061 1604 1242 1636 παντοδαπὸς,
1257 1604 1303 1630 καὶ
1315 1604 1435 1635 ποικίλος
1445 1612 1451 1618 “
1474 1603 1576 1635 ἁπλοῦς
1597 1604 1645 1639 μὲν
1658 1606 1693 1640 τῇ
1707 1605 1848 1641 ὀρθότητι,

1059 1650 1105 1676 καί¹
1119 1650 1232 1686 ἀληθεία
1246 1650 1337 1685 πάσης
1352 1650 1531 1685 ὺπουλότητος
1552 1651 1599 1677 καὶ
1622 1650 1733 1686 διπλόης
1759 1651 1851 1687 ἀπηλ-

1058 1695 1208 1731 λαγμένος·
1229 1696 1349 1728 ποικίλος
1363 1696 1392 1722 δὲ
1410 1698 1442 1732 τῇ
1464 1696 1514 1731 τῆς
1535 1696 1663 1731 εὐστόχου
1687 1696 1851 1732 διοικήσεως

1059 1744 1105 1770 καὶ
1128 1743 1295 1778 προστασίας
1318 1743 1471 1778 εὐμηχανίᾳ
1483 1743 1533 1778 τὴν
1555 1743 1721 1778 κατάλληλον
1739 1743 1852 1780 ἑκάστῳ

1059 1788 1220 1824 προσφέρων
1248 1788 1404 1824 θεραπείαν,
1435 1788 1481 1814 καὶ
1502 1789 1617 1822 δίαιταν,
1635 1789 1748 1816 καὶτῶν
1762 1789 1851 1824 ψυχι-

1059 1835 1114 1866 κῶς
1129 1835 1323 1867 ἀσθενούντων,
1339 1834 1378 1870 τῷ
1403 1835 1450 1870 μὲν
1465 1835 1553 1869 τοῦτο,
1568 1836 1606 1871 τῷ
1621 1836 1650 1862 δὲ
1675 1837 1774 1870 ἐκεῖνο,
1806 1846 1853 1863 σο-

1059 1880 1117 1915 φῶς
1132 1881 1178 1907 καί
1194 1881 1352 1916 ἐπιτηδείως
1378 1881 1537 1916 προσνέμων
1550 1882 1718 1909 ἁκεσώδυνον
1734 1882 1853 1918 φάρμα-

1059 1935 1105 1953 κον
1116 1935 1122 1942 ·
1140 1926 1203 1958 τούς
1220 1936 1250 1953 τε
1261 1927 1315 1962 γὰρ
1330 1927 1525 1963 εὐδρομοῦντας
1545 1927 1706 1959 ὲπέσπευδε,
1720 1928 1776 1954 τῶν
1788 1928 1855 1956 ὄπι-

1060 1973 1120 2000 σθεν
1149 1973 1407 2009 ἐπιλανθανομένους
1432 1974 1487 2005 τοῖς
1511 1973 1665 2009 ἔμπροσθεν
1693 1975 1855 2002 ἐπεκτείνε-

1060 2020 1133 2047 σοαι·
1148 2022 1211 2053 τοὺς
1225 2019 1281 2047 δἀὗ
1297 2021 1390 2053 νωθεῖς
1403 2030 1432 2047 τε
1447 2021 1492 2048 καὶ
1506 2022 1631 2057 νωχελεῖς
1647 2023 1715 2058 πρὸς
1731 2023 1856 2059 μίμησιν

1058 2067 1112 2093 τῶν
1134 2066 1221 2098 καλῶς
1249 2068 1397 2103 τρεχόντων
1428 2067 1614 2103 παρώτρυνεν.
1645 2069 1679 2095 Εἴ
1699 2078 1726 2095 τι
1747 2069 1777 2096 δὲ
1795 2070 1856 2097 τῶν

1059 2114 1202 2149 προϐάτων
1233 2114 1284 2149 τῆς
1317 2115 1438 2150 μάνδρας
1468 2115 1653 2151 ἁποσκιρτῴη,
1672 2117 1719 2143 καὶ
1737 2118 1858 2153 μακρὰν

1059 2160 1247 2196 ἀποπλανῷτο,
1272 2162 1318 2187 ἐπὶ
1339 2161 1387 2192 τὰς
1404 2161 1522 2197 ἐρήμους
1538 2161 1676 2196 ἀνίχνευεν
1693 2162 1740 2189 καὶ¹
1758 2172 1858 2200 περιε-

222 2201 376 2229 cumeundo
402 2203 593 2238 investigabat,
618 2207 645 2230 et
663 2203 751 2231 ﬁstula
768 2211 799 2230 ac
826 2203 1008 2239 pastoralibus

1061 2206 1158 2238 νόστει,
1181 2209 1215 2243 τῇ
1239 2216 1269 2233 τε
1293 2208 1412 2242 σύριγγι,
1437 2209 1482 2234 καὶ
1514 2210 1569 2240 τοῖς
1600 2209 1703 2244 νομίοις
1737 2210 1858 2245 μέλεσιν

222 2247 397 2274 cantionibus
423 2248 579 2280 revocabat,
602 2249 748 2283 omniaque
762 2249 906 2284 peragebat
921 2253 947 2275 et
962 2256 1008 2283 pa-

223 2291 352 2325 tiebatur,
381 2298 411 2320 ut
434 2301 494 2328 quae
521 2299 673 2326 erraverat,
706 2299 871 2322 servaretur.
899 2294 1008 2322 Manum

222 2342 287 2366 vero
301 2339 334 2366 iis
349 2340 395 2374 qui
411 2348 426 2366 a
447 2344 519 2367 recta
535 2341 577 2368 via
594 2341 777 2374 deﬂexissent,
797 2342 963 2377 porrigebat,
983 2346 1009 2369 et

221 2384 297 2412 humi
307 2385 431 2420 jacentes
452 2387 585 2421 erigebat.

257 2430 392 2458 Caeterum
402 2440 483 2467 quam
499 2433 573 2467 justc
589 2433 791 2468 delinquentes.
806 2434 1008 2469 insolentesque

222 2478 250 2502 et
265 2482 376 2504 aversos
393 2484 408 2503 a
421 2477 566 2512 disciplina
583 2479 802 2513 reprehenderet,
819 2480 1008 2515 quomodoque

223 2529 271 2548 eos
287 2522 332 2556 qui
350 2530 365 2548 a
382 2523 515 2558 proximis
544 2524 645 2559 injuria
674 2525 847 2553 alﬁcerentur
871 2526 1008 2561 opprime-

223 2571 370 2603 renturque
385 2569 550 2603 vindicaret,
575 2575 732 2606 quantaque
762 2572 790 2598 in
818 2571 1006 2606 delinquentes

222 2613 366 2641 clementia
383 2618 516 2646 uteretur,
533 2616 639 2643 cunctis
653 2616 818 2650 pmnitcntiaz
831 2620 924 2650 portas
939 2624 1007 2652 pan-

222 2658 322 2692 dendo,
336 2659 400 2687 dum
415 2668 463 2688 eos
481 2661 527 2696 qui
544 2665 769 2688 converterentur
783 2662 900 2689 libenter
913 2662 1007 2689 hilari-

223 2708 317 2740 tcrque
332 2711 460 2741 tanquam
475 2707 575 2734 Christi
593 2707 714 2734 imitator
728 2707 892 2739 admitteret,
909 2712 935 2735 et
952 2708 1005 2736 No-

221 2752 275 2778 vati
289 2752 416 2779 duritiem
435 2761 467 2779 ae
490 2753 634 2787 superbam
651 2753 807 2786 elationem,
825 2755 871 2781 ubi
886 2756 1004 2790 primum

221 2798 333 2825 verbum
348 2798 397 2825 Dei
419 2799 566 2833 praadicare
577 2807 721 2834 aggressus
738 2805 789 2834 est,
807 2809 821 2828 a
837 2803 923 2830 sacris
938 2811 1005 2830 mre-

221 2843 303 2870 nibus
327 2844 478 2876 ablegaret;
495 2845 582 2872 oratio
599 2846 782 2875 narrationem
805 2855 899 2876 eorum
915 2857 974 2884 qua:
989 2857 1004 2876 a

1061 2253 1226 2286 ἀνεκαλεῖτο,
1245 2254 1290 2280 καὶ
1306 2253 1370 2289 ἔδρα
1387 2254 1483 2287 πάντα,
1502 2256 1549 2282 καὶ
1565 2256 1682 2291 ἔπασχεν
1699 2256 1752 2288 ἕως
1769 2256 1804 2283 ἂν
1824 2258 1858 2284 τὸ

1060 2299 1234 2335 πλανώμενον
1256 2299 1437 2335 ἀνασώσηται,
1451 2301 1536 2337 Χεῖρα
1553 2301 1580 2327 δὲ
1597 2303 1653 2333 τοῖς
1674 2302 1725 2336 τῆς
1741 2303 1858 2335 εὐθείας

1059 2346 1295 2373 ἀπολισθαίνουσιν
1316 2346 1413 2383 ὤρεγε,
1431 2348 1477 2374 καὶ
1499 2348 1562 2379 τοὺς
1592 2349 1679 2384 χαμαὶ
1703 2349 1860 2384 κειμένους

1059 2391 1192 2428 ἀνώροου.

1094 2439 1159 2465 Οἴαν
1182 2439 1210 2466 δὲ
1241 2439 1308 2475 πρὸς
1336 2441 1399 2471 τοὺς
1426 2439 1585 2472 ἀδικοῦντας
1607 2441 1654 2468 καὶ
1679 2441 1861 2477 Θρασυνομέ-

1058 2493 1131 2518 νους,
1154 2486 1200 2512 καὶ
1221 2486 1270 2521 τῆς
1288 2485 1414 2519 εὐταξίας
1442 2486 1606 2519 ἀποθέοντας
1621 2487 1716 2522 ἐνιπὴν
1743 2487 1859 2515 ἔνδικον

1058 2531 1184 2563 ἐποιεῖτο,
1218 2533 1263 2558 καὶ
1278 2533 1352 2563 ὅπως
1379 2533 1441 2564 τοὺς
1473 2532 1524 2558 ὑπὸ
1554 2533 1608 2559 τῶν
1632 2533 1715 2564 πέλας
1738 2534 1861 2561 ἀδικουη

1059 2576 1157 2611 μένους
1187 2586 1215 2603 τε
1252 2578 1298 2604 καὶ
1335 2578 1593 2613 πλεονεκτουμὲνους
1629 2579 1762 2611 ἑξεδίκει,
1805 2582 1860 2607 καὶ

1056 2620 1086 2647 τὸ
1103 2622 1291 2658 φιλάνθρωπον
1313 2623 1375 2650 ὅσον
1391 2622 1454 2657 περὶ
1471 2623 1534 2654 τοὺς
1550 2623 1742 2658 ἡμαρτηκότας
1763 2621 1859 2659 εἶχεν,

1057 2667 1158 2695 ἅπασιν
1180 2669 1345 2700 ἐκπεταννὺς
1375 2669 1424 2700 τὰς
1443 2669 1493 2704 τῆς
1511 2670 1653 2704 μετανοίας
1674 2669 1773 2702 πύλας,
1803 2673 1859 2698 καὶ

1055 2715 1120 2746 τοὺς
1150 2715 1362 2751 ἐπιστρέφοντας
1392 2715 1532 2747 ἀσπασίως
1560 2715 1607 2742 κα)¹
1639 2716 1777 2751 φαιδρῶς,
1815 2718 1859 2749 ὡς

1056 2760 1174 2796 Χριστοῦ
1208 2762 1336 2796 μιμητὴς,
1361 2761 1528 2796 προϊέμενος,
1554 2761 1677 2786 Νουατου
1694 2761 1744 2796 τὴν
1762 2762 1860 2788 ἁπαν-

1056 2805 1179 2842 θρωπίαν
1211 2807 1257 2833 καὶ
1293 2807 1449 2838 ἀλαζονείαν
1487 2807 1533 2832 ἀπ’
1565 2806 1652 2841 ἀρχῆς
1687 2806 1735 2833 τοῦ
1775 2807 1861 2834 θείου

1056 2851 1234 2886 κηρύγματος
1260 2851 1314 2878 τῶν
1347 2852 1425 2888 ἱερῶν
1455 2851 1602 2887 περιϐόλων
1627 2852 1860 2888 ὲξοστρακίζων,
