  <div class='ocr_page' id='page_1' title='image "/cluster/home/n/w/nwhite01/storage/ocr_20150623/4/njp.32101010944526/334.png"; bbox 0 0 1950 3065; ppageno 0'>
   <div class='ocr_carea' id='block_1_1' title="bbox 114 203 164 230">
    <p class='ocr_par' dir='ltr' id='par_1_1' title="bbox 114 203 164 230">
     <span class='ocr_line' id='line_1_1' title="bbox 114 203 164 230; baseline 0 0"><span class='ocrx_word' id='word_1_1' title='bbox 114 203 164 230; x_wconf 67' lang='grc'><strong>649</strong></span> 
     </span>
    </p>
   </div>
   <div class='ocr_carea' id='block_1_2' title="bbox 589 194 1238 232">
    <p class='ocr_par' dir='ltr' id='par_1_2' title="bbox 589 194 1238 232">
     <span class='ocr_line' id='line_1_2' title="bbox 589 194 1238 232; baseline -0.005 -6"><span class='ocrx_word' id='word_1_2' title='bbox 589 199 680 232; x_wconf 76' lang='lat' dir='ltr'><strong>VJTA,</strong></span> <span class='ocrx_word' id='word_1_3' title='bbox 699 198 860 226; x_wconf 82' lang='lat' dir='ltr'><strong>AUCTORE</strong></span> <span class='ocrx_word' id='word_1_4' title='bbox 878 194 1052 225; x_wconf 75' lang='lat' dir='ltr'><strong>MICIIAELE</strong></span> <span class='ocrx_word' id='word_1_5' title='bbox 1070 195 1238 224; x_wconf 77' lang='lat' dir='ltr'><strong>SYNGELO.</strong></span> 
     </span>
    </p>
   </div>
   <div class='ocr_carea' id='block_1_3' title="bbox 1683 199 1735 227">
    <p class='ocr_par' dir='ltr' id='par_1_3' title="bbox 1683 199 1735 227">
     <span class='ocr_line' id='line_1_3' title="bbox 1683 199 1735 227; baseline 0.019 -1"><span class='ocrx_word' id='word_1_6' title='bbox 1683 199 1735 227; x_wconf 79' lang='lat'><strong>650</strong></span> 
     </span>
    </p>
   </div>
   <div class='ocr_carea' id='block_1_4' title="bbox 112 253 896 296">
    <p class='ocr_par' dir='ltr' id='par_1_4' title="bbox 112 254 896 296">
     <span class='ocr_line' id='line_1_4' title="bbox 112 254 896 296; baseline -0.006 -10"><span class='ocrx_word' id='word_1_7' title='bbox 112 258 224 296; x_wconf 75' lang='grc' dir='ltr'><strong>δηλώσει</strong></span> <span class='ocrx_word' id='word_1_8' title='bbox 239 259 294 289; x_wconf 82' lang='grc' dir='ltr'>τοῖς</span> <span class='ocrx_word' id='word_1_9' title='bbox 316 257 464 293; x_wconf 80' lang='grc' dir='ltr'><strong>ἀκροαταῖς</strong></span> <span class='ocrx_word' id='word_1_10' title='bbox 479 257 493 284; x_wconf 82' lang='grc' dir='ltr'>ὁ</span> <span class='ocrx_word' id='word_1_11' title='bbox 509 256 597 291; x_wconf 82' lang='grc' dir='ltr'><strong>λόγος,</strong></span> <span class='ocrx_word' id='word_1_12' title='bbox 612 256 663 292; x_wconf 79' lang='grc' dir='ltr'>τῆς</span> <span class='ocrx_word' id='word_1_13' title='bbox 677 255 732 282; x_wconf 81' lang='grc' dir='ltr'>τῶν</span> <span class='ocrx_word' id='word_1_14' title='bbox 755 254 896 291; x_wconf 81' lang='grc' dir='ltr'>Δημοφίλῳ</span> 
     </span>
    </p>
   </div>
   <div class='ocr_carea' id='block_1_5' title="bbox 947 253 1734 296">
    <p class='ocr_par' dir='ltr' id='par_1_5' title="bbox 950 253 1734 291">
     <span class='ocr_line' id='line_1_5' title="bbox 950 253 1734 291; baseline 0.006 -11"><span class='ocrx_word' id='word_1_15' title='bbox 950 253 1108 288; x_wconf 89' lang='lat' dir='ltr'><strong>Demophilo</strong></span> <span class='ocrx_word' id='word_1_16' title='bbox 1135 253 1264 281; x_wconf 75' lang='lat' dir='ltr'><strong>audacter</strong></span> <span class='ocrx_word' id='word_1_17' title='bbox 1286 253 1360 281; x_wconf 86' lang='lat' dir='ltr'><strong>dicta</strong></span> <span class='ocrx_word' id='word_1_18' title='bbox 1385 258 1460 287; x_wconf 86' lang='lat' dir='ltr'><strong>sunt,</strong></span> <span class='ocrx_word' id='word_1_19' title='bbox 1487 254 1582 283; x_wconf 88' lang='lat' dir='ltr'><strong>leviter</strong></span> <span class='ocrx_word' id='word_1_20' title='bbox 1598 256 1734 291; x_wconf 85' lang='lat' dir='ltr'><strong>attingens</strong></span> 
     </span>
    </p>
   </div>
   <div class='ocr_carea' id='block_1_6' title="bbox 112 299 901 339">
    <p class='ocr_par' dir='ltr' id='par_1_6' title="bbox 112 299 901 339">
     <span class='ocr_line' id='line_1_6' title="bbox 112 299 901 339; baseline -0.006 -8"><span class='ocrx_word' id='word_1_21' title='bbox 112 303 318 339; x_wconf 79' lang='grc' dir='ltr'><strong>τετολμημένων</strong></span> <span class='ocrx_word' id='word_1_22' title='bbox 328 302 478 338; x_wconf 82' lang='grc' dir='ltr'><strong>διηγήσεως</strong></span> <span class='ocrx_word' id='word_1_23' title='bbox 489 300 642 336; x_wconf 64' lang='grc' dir='ltr'>ἀκροθιγιῖκ</span> <span class='ocrx_word' id='word_1_24' title='bbox 657 300 804 336; x_wconf 81' lang='grc' dir='ltr'>ἁψάμενος,</span> <span class='ocrx_word' id='word_1_25' title='bbox 821 299 901 334; x_wconf 61' lang='grc' dir='ltr'>ἀφεὶς</span> 
     </span>
    </p>
   </div>
   <div class='ocr_carea' id='block_1_7' title="bbox 113 346 902 385">
    <p class='ocr_par' dir='ltr' id='par_1_7' title="bbox 113 346 902 385">
     <span class='ocr_line' id='line_1_7' title="bbox 113 346 902 385; baseline -0.006 -8"><span class='ocrx_word' id='word_1_26' title='bbox 113 349 298 385; x_wconf 75' lang='grc' dir='ltr'>ἐντελέστερον</span> <span class='ocrx_word' id='word_1_27' title='bbox 322 347 454 384; x_wconf 87' lang='grc' dir='ltr'>μαθήσειν</span> <span class='ocrx_word' id='word_1_28' title='bbox 482 346 690 382; x_wconf 67' lang='grc' dir='ltr'><strong>ἐντευξομένους</strong></span> <span class='ocrx_word' id='word_1_29' title='bbox 710 347 768 378; x_wconf 86' lang='grc' dir='ltr'>τοῖς</span> <span class='ocrx_word' id='word_1_30' title='bbox 789 346 808 373; x_wconf 78' lang='grc' dir='ltr'>ἃ</span> <span class='ocrx_word' id='word_1_31' title='bbox 832 346 902 382; x_wconf 83' lang='grc' dir='ltr'>πρὸς</span> 
     </span>
    </p>
   </div>
   <div class='ocr_carea' id='block_1_8' title="bbox 112 389 901 429">
    <p class='ocr_par' dir='ltr' id='par_1_8' title="bbox 112 389 901 429">
     <span class='ocr_line' id='line_1_8' title="bbox 112 389 901 429; baseline -0.004 -7"><span class='ocrx_word' id='word_1_32' title='bbox 112 395 215 423; x_wconf 74' lang='grc' dir='ltr'>ἑκεῖνον</span> <span class='ocrx_word' id='word_1_33' title='bbox 231 394 246 420; x_wconf 87' lang='grc' dir='ltr'><strong>ό</strong></span> <span class='ocrx_word' id='word_1_34' title='bbox 262 393 485 429; x_wconf 80' lang='grc' dir='ltr'><strong>θαυμασιώτατος</strong></span> <span class='ocrx_word' id='word_1_35' title='bbox 501 392 602 428; x_wconf 83' lang='grc' dir='ltr'>ποιμήν</span> <span class='ocrx_word' id='word_1_36' title='bbox 618 392 801 429; x_wconf 81' lang='grc' dir='ltr'>γεγράφηκεν.</span> <span class='ocrx_word' id='word_1_37' title='bbox 817 389 901 423; x_wconf 78' lang='grc' dir='ltr'>Οὗτος</span> 
     </span>
    </p>
   </div>
   <div class='ocr_carea' id='block_1_9' title="bbox 113 438 900 477">
    <p class='ocr_par' dir='ltr' id='par_1_9' title="bbox 113 438 900 477">
     <span class='ocr_line' id='line_1_9' title="bbox 113 438 900 477; baseline -0.005 -8"><span class='ocrx_word' id='word_1_38' title='bbox 113 442 128 469; x_wconf 81' lang='grc' dir='ltr'><strong>ό</strong></span> <span class='ocrx_word' id='word_1_39' title='bbox 143 440 294 477; x_wconf 83' lang='grc' dir='ltr'><strong>Δημόφιλος</strong></span> <span class='ocrx_word' id='word_1_40' title='bbox 309 440 417 476; x_wconf 78' lang='grc' dir='ltr'>ὑπῆρχε</span> <span class='ocrx_word' id='word_1_41' title='bbox 432 440 486 467; x_wconf 86' lang='grc' dir='ltr'><strong>τῶν</strong></span> <span class='ocrx_word' id='word_1_42' title='bbox 502 440 555 467; x_wconf 81' lang='grc' dir='ltr'><strong>ὑπὸ</strong></span> <span class='ocrx_word' id='word_1_43' title='bbox 570 440 610 476; x_wconf 84' lang='grc' dir='ltr'><strong>τῷ</strong></span> <span class='ocrx_word' id='word_1_44' title='bbox 627 439 737 475; x_wconf 87' lang='grc' dir='ltr'>μεγάλῳ</span> <span class='ocrx_word' id='word_1_45' title='bbox 752 438 900 466; x_wconf 79' lang='grc' dir='ltr'><strong>τελούντων</strong></span> 
     </span>
    </p>
   </div>
   <div class='ocr_carea' id='block_1_10' title="bbox 113 485 901 522">
    <p class='ocr_par' dir='ltr' id='par_1_10' title="bbox 113 485 901 522">
     <span class='ocr_line' id='line_1_10' title="bbox 113 485 901 522; baseline -0.003 -8"><span class='ocrx_word' id='word_1_46' title='bbox 113 486 235 522; x_wconf 78' lang='grc' dir='ltr'>ῑεροθέτῃ</span> <span class='ocrx_word' id='word_1_47' title='bbox 251 485 380 521; x_wconf 78' lang='grc' dir='ltr'><strong>Διονυσίῳ</strong></span> <span class='ocrx_word' id='word_1_48' title='bbox 395 485 577 520; x_wconf 87' lang='grc' dir='ltr'>θεραπευτῶν,</span> <span class='ocrx_word' id='word_1_49' title='bbox 594 486 626 512; x_wconf 79' lang='grc' dir='ltr'><strong>ἐκ</strong></span> <span class='ocrx_word' id='word_1_50' title='bbox 641 486 691 521; x_wconf 85' lang='grc' dir='ltr'>τῆς</span> <span class='ocrx_word' id='word_1_51' title='bbox 706 486 752 512; x_wconf 84' lang='grc' dir='ltr'><strong>ὑπ’</strong></span> <span class='ocrx_word' id='word_1_52' title='bbox 775 485 901 522; x_wconf 81' lang='grc' dir='ltr'><strong>Ἀθήναις</strong></span> 
     </span>
    </p>
   </div>
   <div class='ocr_carea' id='block_1_11' title="bbox 113 531 900 568">
    <p class='ocr_par' dir='ltr' id='par_1_11' title="bbox 113 531 900 568">
     <span class='ocr_line' id='line_1_11' title="bbox 113 531 900 568; baseline 0 -10"><span class='ocrx_word' id='word_1_53' title='bbox 113 531 245 568; x_wconf 84' lang='grc' dir='ltr'>ἐπαρχίας</span> <span class='ocrx_word' id='word_1_54' title='bbox 261 531 436 567; x_wconf 78' lang='grc' dir='ltr'><strong>ὁρμώμενος,</strong></span> <span class='ocrx_word' id='word_1_55' title='bbox 452 531 496 558; x_wconf 80' lang='grc' dir='ltr'>διὰ</span> <span class='ocrx_word' id='word_1_56' title='bbox 512 531 562 566; x_wconf 84' lang='grc' dir='ltr'>τῆς</span> <span class='ocrx_word' id='word_1_57' title='bbox 584 531 797 567; x_wconf 76' lang='grc' dir='ltr'>ίεροτελεστικῆς</span> <span class='ocrx_word' id='word_1_58' title='bbox 817 531 900 558; x_wconf 82' lang='grc' dir='ltr'>αὑτοῦ</span> 
     </span>
    </p>
   </div>
   <div class='ocr_carea' id='block_1_12' title="bbox 113 576 900 614">
    <p class='ocr_par' dir='ltr' id='par_1_12' title="bbox 113 576 900 614">
     <span class='ocr_line' id='line_1_12' title="bbox 113 576 900 614; baseline 0 -10"><span class='ocrx_word' id='word_1_59' title='bbox 113 578 240 605; x_wconf 79' lang='grc' dir='ltr'>πανοσίου</span> <span class='ocrx_word' id='word_1_60' title='bbox 250 577 416 613; x_wconf 88' lang='grc' dir='ltr'>χειροθεσίας</span> <span class='ocrx_word' id='word_1_61' title='bbox 425 577 592 614; x_wconf 84' lang='grc' dir='ltr'>θεραπευτὴς</span> <span class='ocrx_word' id='word_1_62' title='bbox 599 577 763 614; x_wconf 77' lang='grc' dir='ltr'><strong>τεταγμένος</strong></span> <span class='ocrx_word' id='word_1_63' title='bbox 771 586 778 593; x_wconf 69' lang='grc' dir='ltr'><strong>ι</strong></span> <span class='ocrx_word' id='word_1_64' title='bbox 789 576 900 613; x_wconf 64' lang='grc' dir='ltr'><strong>μοναχο)⁴</strong></span> 
     </span>
    </p>
   </div>
   <div class='ocr_carea' id='block_1_13' title="bbox 113 623 899 660">
    <p class='ocr_par' dir='ltr' id='par_1_13' title="bbox 113 623 899 660">
     <span class='ocr_line' id='line_1_13' title="bbox 113 623 899 660; baseline 0 -10"><span class='ocrx_word' id='word_1_65' title='bbox 113 624 141 651; x_wconf 80' lang='grc' dir='ltr'><strong>δὲ</strong></span> <span class='ocrx_word' id='word_1_66' title='bbox 156 624 230 650; x_wconf 77' lang='grc' dir='ltr'>τουτὶ</span> <span class='ocrx_word' id='word_1_67' title='bbox 239 623 270 650; x_wconf 84' lang='grc' dir='ltr'><strong>τὺ</strong></span> <span class='ocrx_word' id='word_1_68' title='bbox 279 623 372 659; x_wconf 82' lang='grc' dir='ltr'>τάγμα</span> <span class='ocrx_word' id='word_1_69' title='bbox 378 623 587 659; x_wconf 79' lang='grc' dir='ltr'>χρηματίξουσι,</span> <span class='ocrx_word' id='word_1_70' title='bbox 594 625 627 659; x_wconf 85' lang='grc' dir='ltr'>τῇ</span> <span class='ocrx_word' id='word_1_71' title='bbox 640 623 899 660; x_wconf 80' lang='grc' dir='ltr'>προσηγορίᾳταύτῃ</span> 
     </span>
    </p>
   </div>
   <div class='ocr_carea' id='block_1_14' title="bbox 114 669 900 706">
    <p class='ocr_par' dir='ltr' id='par_1_14' title="bbox 114 669 900 706">
     <span class='ocr_line' id='line_1_14' title="bbox 114 669 900 706; baseline 0 -10"><span class='ocrx_word' id='word_1_72' title='bbox 114 670 171 697; x_wconf 81' lang='grc' dir='ltr'>κατ’</span> <span class='ocrx_word' id='word_1_73' title='bbox 179 670 267 697; x_wconf 73' lang='grc' dir='ltr'>ἐκεῖνο</span> <span class='ocrx_word' id='word_1_74' title='bbox 275 669 372 706; x_wconf 79' lang='grc' dir='ltr'><strong>καιροῦ</strong></span> <span class='ocrx_word' id='word_1_75' title='bbox 384 670 500 705; x_wconf 85' lang='grc' dir='ltr'>μάλιστα</span> <span class='ocrx_word' id='word_1_76' title='bbox 511 669 682 705; x_wconf 77' lang='grc' dir='ltr'>καλούμενοι,</span> <span class='ocrx_word' id='word_1_77' title='bbox 693 671 754 701; x_wconf 85' lang='grc' dir='ltr'>ταῖς</span> <span class='ocrx_word' id='word_1_78' title='bbox 761 669 809 697; x_wconf 82' lang='grc' dir='ltr'>τοῦ</span> <span class='ocrx_word' id='word_1_79' title='bbox 826 671 900 706; x_wconf 78' lang='grc' dir='ltr'>ἱερα-</span> 
     </span>
    </p>
   </div>
   <div class='ocr_carea' id='block_1_15' title="bbox 112 713 900 752">
    <p class='ocr_par' dir='ltr' id='par_1_15' title="bbox 112 713 900 752">
     <span class='ocr_line' id='line_1_15' title="bbox 112 713 900 752; baseline 0 -10"><span class='ocrx_word' id='word_1_80' title='bbox 112 715 181 742; x_wconf 87' lang='grc' dir='ltr'>τείου</span> <span class='ocrx_word' id='word_1_81' title='bbox 190 715 287 747; x_wconf 82' lang='grc' dir='ltr'>πύλαις</span> <span class='ocrx_word' id='word_1_82' title='bbox 293 716 435 750; x_wconf 70' lang='grc' dir='ltr'>ἐφεστάναι</span> <span class='ocrx_word' id='word_1_83' title='bbox 442 716 610 751; x_wconf 84' lang='grc' dir='ltr'>ταττόμενοι.</span> <span class='ocrx_word' id='word_1_84' title='bbox 619 715 670 742; x_wconf 84' lang='grc' dir='ltr'>Τὸν</span> <span class='ocrx_word' id='word_1_85' title='bbox 677 716 775 743; x_wconf 74' lang='grc' dir='ltr'>οἰκεῖον</span> <span class='ocrx_word' id='word_1_86' title='bbox 780 713 826 742; x_wconf 83' lang='grc' dir='ltr'><strong>οὖν</strong></span> <span class='ocrx_word' id='word_1_87' title='bbox 833 724 900 752; x_wconf 56' lang='grc' dir='ltr'>πρει</span> 
     </span>
    </p>
   </div>
   <div class='ocr_carea' id='block_1_16' title="bbox 113 759 899 796">
    <p class='ocr_par' dir='ltr' id='par_1_16' title="bbox 113 759 899 796">
     <span class='ocr_line' id='line_1_16' title="bbox 113 759 899 796; baseline 0 -10"><span class='ocrx_word' id='word_1_88' title='bbox 113 759 240 795; x_wconf 76' lang='grc' dir='ltr'>σὸύτερον</span> <span class='ocrx_word' id='word_1_89' title='bbox 251 759 344 786; x_wconf 80' lang='grc' dir='ltr'>οὐτοσὶ</span> <span class='ocrx_word' id='word_1_90' title='bbox 351 759 567 796; x_wconf 85' lang='grc' dir='ltr'>τετυραννηκὼς,</span> <span class='ocrx_word' id='word_1_91' title='bbox 579 759 787 796; x_wconf 64' lang='grc' dir='ltr'>εἰσπεπηδηκὼς</span> <span class='ocrx_word' id='word_1_92' title='bbox 802 761 831 787; x_wconf 80' lang='grc' dir='ltr'><strong>ἐν</strong></span> <span class='ocrx_word' id='word_1_93' title='bbox 842 762 899 792; x_wconf 77' lang='grc' dir='ltr'>τοῖς</span> 
     </span>
    </p>
   </div>
   <div class='ocr_carea' id='block_1_17' title="bbox 111 802 898 840">
    <p class='ocr_par' dir='ltr' id='par_1_17' title="bbox 111 802 898 840">
     <span class='ocr_line' id='line_1_17' title="bbox 111 802 898 840; baseline -0.001 -9"><span class='ocrx_word' id='word_1_94' title='bbox 111 804 227 836; x_wconf 78' lang='grc' dir='ltr'>ἀδύτοις,</span> <span class='ocrx_word' id='word_1_95' title='bbox 243 802 274 832; x_wconf 83' lang='grc' dir='ltr'>οὗ</span> <span class='ocrx_word' id='word_1_96' title='bbox 290 805 388 840; x_wconf 83' lang='grc' dir='ltr'><strong>χωρεῖν</strong></span> <span class='ocrx_word' id='word_1_97' title='bbox 404 805 455 831; x_wconf 84' lang='grc' dir='ltr'>οὐκ</span> <span class='ocrx_word' id='word_1_98' title='bbox 477 802 511 840; x_wconf 79' lang='grc' dir='ltr'>ἦν</span> <span class='ocrx_word' id='word_1_99' title='bbox 534 804 609 839; x_wconf 83' lang='grc' dir='ltr'>αὐτῷ</span> <span class='ocrx_word' id='word_1_100' title='bbox 631 804 752 840; x_wconf 83' lang='grc' dir='ltr'>θεμιτὸν,</span> <span class='ocrx_word' id='word_1_101' title='bbox 775 803 829 830; x_wconf 85' lang='grc' dir='ltr'><strong>ἀπὸ</strong></span> <span class='ocrx_word' id='word_1_102' title='bbox 850 803 898 830; x_wconf 84' lang='grc' dir='ltr'>τοῦ</span> 
     </span>
    </p>
   </div>
   <div class='ocr_carea' id='block_1_18' title="bbox 112 849 897 886">
    <p class='ocr_par' dir='ltr' id='par_1_18' title="bbox 112 849 897 886">
     <span class='ocr_line' id='line_1_18' title="bbox 112 849 897 886; baseline 0 -10"><span class='ocrx_word' id='word_1_103' title='bbox 112 849 303 886; x_wconf 84' lang='grc' dir='ltr'>θυσιαστηρίου</span> <span class='ocrx_word' id='word_1_104' title='bbox 319 859 350 876; x_wconf 89' lang='grc' dir='ltr'><strong>τε</strong></span> <span class='ocrx_word' id='word_1_105' title='bbox 367 850 529 882; x_wconf 81' lang='grc' dir='ltr'>συνέστειλε,</span> <span class='ocrx_word' id='word_1_106' title='bbox 547 851 594 877; x_wconf 75' lang='grc' dir='ltr'>καὶ</span> <span class='ocrx_word' id='word_1_107' title='bbox 609 849 656 876; x_wconf 81' lang='grc' dir='ltr'>τοῦ</span> <span class='ocrx_word' id='word_1_108' title='bbox 680 849 767 885; x_wconf 84' lang='grc' dir='ltr'>χώρου</span> <span class='ocrx_word' id='word_1_109' title='bbox 788 850 842 876; x_wconf 81' lang='grc' dir='ltr'>τῶν</span> <span class='ocrx_word' id='word_1_110' title='bbox 859 850 897 876; x_wconf 74' lang='grc' dir='ltr'><strong>ξε·-</strong></span> 
     </span>
    </p>
   </div>
   <div class='ocr_carea' id='block_1_19' title="bbox 113 895 895 932">
    <p class='ocr_par' dir='ltr' id='par_1_19' title="bbox 113 895 895 932">
     <span class='ocr_line' id='line_1_19' title="bbox 113 895 895 932; baseline -0.003 -9"><span class='ocrx_word' id='word_1_111' title='bbox 113 896 240 932; x_wconf 85' lang='grc' dir='ltr'>ρωμένων</span> <span class='ocrx_word' id='word_1_112' title='bbox 269 897 317 923; x_wconf 82' lang='grc' dir='ltr'><strong>σὺν</strong></span> <span class='ocrx_word' id='word_1_113' title='bbox 333 896 455 932; x_wconf 81' lang='grc' dir='ltr'>ἀτιμίαις</span> <span class='ocrx_word' id='word_1_114' title='bbox 471 896 517 922; x_wconf 79' lang='grc' dir='ltr'>καὶ</span> <span class='ocrx_word' id='word_1_115' title='bbox 533 895 770 931; x_wconf 82' lang='grc' dir='ltr'>προπηλακισμοῖς</span> <span class='ocrx_word' id='word_1_116' title='bbox 786 895 895 928; x_wconf 83' lang='grc' dir='ltr'>ἐξέωσε,</span> 
     </span>
    </p>
   </div>
   <div class='ocr_carea' id='block_1_20' title="bbox 111 932 935 978">
    <p class='ocr_par' dir='ltr' id='par_1_20' title="bbox 111 932 935 978">
     <span class='ocr_line' id='line_1_20' title="bbox 111 932 935 978; baseline -0.002 -9"><span class='ocrx_word' id='word_1_117' title='bbox 111 942 234 978; x_wconf 82' lang='grc' dir='ltr'>ζηλώσας</span> <span class='ocrx_word' id='word_1_118' title='bbox 263 942 354 978; x_wconf 81' lang='grc' dir='ltr'><strong>δῆθεν,</strong></span> <span class='ocrx_word' id='word_1_119' title='bbox 385 943 432 970; x_wconf 77' lang='grc' dir='ltr'><strong>καὶ</strong></span> <span class='ocrx_word' id='word_1_120' title='bbox 462 941 626 978; x_wconf 84' lang='grc' dir='ltr'>χαλεπήνας,</span> <span class='ocrx_word' id='word_1_121' title='bbox 656 941 694 973; x_wconf 85' lang='grc' dir='ltr'>ὼς</span> <span class='ocrx_word' id='word_1_122' title='bbox 716 942 730 968; x_wconf 88' lang='grc' dir='ltr'><strong>ό</strong></span> <span class='ocrx_word' id='word_1_123' title='bbox 755 942 898 977; x_wconf 81' lang='grc' dir='ltr'>χριστομί-</span> <span class='ocrx_word' id='word_1_124' title='bbox 913 932 935 961; x_wconf 79' lang='grc' dir='ltr'><strong><em>Β</em></strong></span> 
     </span>
    </p>
   </div>
   <div class='ocr_carea' id='block_1_21' title="bbox 112 987 898 1024">
    <p class='ocr_par' dir='ltr' id='par_1_21' title="bbox 112 987 898 1024">
     <span class='ocr_line' id='line_1_21' title="bbox 112 987 898 1024; baseline -0.001 -9"><span class='ocrx_word' id='word_1_125' title='bbox 112 997 196 1024; x_wconf 85' lang='grc' dir='ltr'>μητος</span> <span class='ocrx_word' id='word_1_126' title='bbox 224 989 315 1024; x_wconf 77' lang='grc' dir='ltr'>ἱερεὺς</span> <span class='ocrx_word' id='word_1_127' title='bbox 343 988 397 1015; x_wconf 78' lang='grc' dir='ltr'><strong>ἀπὸ</strong></span> <span class='ocrx_word' id='word_1_128' title='bbox 418 988 625 1024; x_wconf 81' lang='grc' dir='ltr'>ἁμαρτημάτων</span> <span class='ocrx_word' id='word_1_129' title='bbox 652 987 713 1014; x_wconf 80' lang='grc' dir='ltr'>τινὰ</span> <span class='ocrx_word' id='word_1_130' title='bbox 735 987 898 1023; x_wconf 80' lang='grc' dir='ltr'>μετανοοῦν-</span> 
     </span>
    </p>
   </div>
   <div class='ocr_carea' id='block_1_22' title="bbox 110 1032 898 1070">
    <p class='ocr_par' dir='ltr' id='par_1_22' title="bbox 110 1032 898 1070">
     <span class='ocr_line' id='line_1_22' title="bbox 110 1032 898 1070; baseline -0.001 -9"><span class='ocrx_word' id='word_1_131' title='bbox 110 1042 145 1061; x_wconf 84' lang='grc' dir='ltr'><strong>τα</strong></span> <span class='ocrx_word' id='word_1_132' title='bbox 172 1034 344 1070; x_wconf 81' lang='grc' dir='ltr'>προσήκατο,</span> <span class='ocrx_word' id='word_1_133' title='bbox 373 1034 403 1061; x_wconf 85' lang='grc' dir='ltr'><strong>ὃν</strong></span> <span class='ocrx_word' id='word_1_134' title='bbox 432 1034 498 1061; x_wconf 82' lang='grc' dir='ltr'>ώσει</span> <span class='ocrx_word' id='word_1_135' title='bbox 531 1042 592 1060; x_wconf 89' lang='grc' dir='ltr'>τινα</span> <span class='ocrx_word' id='word_1_136' title='bbox 622 1033 737 1069; x_wconf 82' lang='grc' dir='ltr'>δυσσεϐῆ</span> <span class='ocrx_word' id='word_1_137' title='bbox 768 1032 814 1060; x_wconf 78' lang='grc' dir='ltr'>καὶ</span> <span class='ocrx_word' id='word_1_138' title='bbox 844 1033 898 1060; x_wconf 76' lang='grc' dir='ltr'>άλι-</span> 
     </span>
    </p>
   </div>
   <div class='ocr_carea' id='block_1_23' title="bbox 108 1079 897 1116">
    <p class='ocr_par' dir='ltr' id='par_1_23' title="bbox 108 1079 897 1116">
     <span class='ocr_line' id='line_1_23' title="bbox 108 1079 897 1116; baseline 0 -10"><span class='ocrx_word' id='word_1_139' title='bbox 108 1080 202 1116; x_wconf 76' lang='grc' dir='ltr'>τήριον</span> <span class='ocrx_word' id='word_1_140' title='bbox 228 1080 400 1115; x_wconf 80' lang='grc' dir='ltr'>ἡγησάμενος</span> <span class='ocrx_word' id='word_1_141' title='bbox 415 1080 430 1106; x_wconf 85' lang='grc' dir='ltr'>ὁ</span> <span class='ocrx_word' id='word_1_142' title='bbox 445 1079 598 1116; x_wconf 80' lang='grc' dir='ltr'>Δημόφιλος</span> <span class='ocrx_word' id='word_1_143' title='bbox 622 1079 815 1112; x_wconf 82' lang='grc' dir='ltr'>ἀπελάκτισεν,</span> <span class='ocrx_word' id='word_1_144' title='bbox 832 1080 897 1115; x_wconf 87' lang='grc' dir='ltr'>ὁμο-</span> 
     </span>
    </p>
   </div>
   <div class='ocr_carea' id='block_1_24' title="bbox 109 1126 896 1165">
    <p class='ocr_par' dir='ltr' id='par_1_24' title="bbox 109 1126 896 1165">
     <span class='ocr_line' id='line_1_24' title="bbox 109 1126 896 1165; baseline 0.003 -11"><span class='ocrx_word' id='word_1_145' title='bbox 109 1128 240 1163; x_wconf 81' lang='grc' dir='ltr'>λογοῦντα</span> <span class='ocrx_word' id='word_1_146' title='bbox 258 1129 316 1164; x_wconf 83' lang='grc' dir='ltr'>μετ’</span> <span class='ocrx_word' id='word_1_147' title='bbox 332 1128 424 1161; x_wconf 79' lang='grc' dir='ltr'>αἰδοῦς</span> <span class='ocrx_word' id='word_1_148' title='bbox 440 1126 508 1164; x_wconf 80' lang='grc' dir='ltr'>πρὸς</span> <span class='ocrx_word' id='word_1_149' title='bbox 537 1128 658 1165; x_wconf 72' lang='grc' dir='ltr'>ἰατρείαν</span> <span class='ocrx_word' id='word_1_150' title='bbox 688 1129 781 1156; x_wconf 80' lang='grc' dir='ltr'>κακῶν</span> <span class='ocrx_word' id='word_1_151' title='bbox 808 1130 896 1165; x_wconf 80' lang='grc' dir='ltr'>ἥκειν,</span> 
     </span>
    </p>
   </div>
   <div class='ocr_carea' id='block_1_25' title="bbox 108 1174 898 1211">
    <p class='ocr_par' dir='ltr' id='par_1_25' title="bbox 108 1174 898 1211">
     <span class='ocr_line' id='line_1_25' title="bbox 108 1174 898 1211; baseline 0 -9"><span class='ocrx_word' id='word_1_152' title='bbox 108 1174 157 1202; x_wconf 68' lang='grc' dir='ltr'><strong>καὶ</strong></span> <span class='ocrx_word' id='word_1_153' title='bbox 168 1175 260 1209; x_wconf 84' lang='grc' dir='ltr'>τυχεῖν</span> <span class='ocrx_word' id='word_1_154' title='bbox 286 1174 378 1206; x_wconf 78' lang='grc' dir='ltr'>ἐλέους</span> <span class='ocrx_word' id='word_1_155' title='bbox 393 1174 529 1210; x_wconf 83' lang='grc' dir='ltr'>δεόμενον.</span> <span class='ocrx_word' id='word_1_156' title='bbox 547 1175 602 1201; x_wconf 77' lang='grc' dir='ltr'><strong>Καὶ</strong></span> <span class='ocrx_word' id='word_1_157' title='bbox 618 1175 733 1210; x_wconf 84' lang='grc' dir='ltr'>πάμπαν</span> <span class='ocrx_word' id='word_1_158' title='bbox 749 1175 898 1211; x_wconf 84' lang='grc' dir='ltr'>ἀπωσάμε-</span> 
     </span>
    </p>
   </div>
   <div class='ocr_carea' id='block_1_26' title="bbox 107 1217 898 1257">
    <p class='ocr_par' dir='ltr' id='par_1_26' title="bbox 107 1217 898 1257">
     <span class='ocr_line' id='line_1_26' title="bbox 107 1217 898 1257; baseline -0.001 -9"><span class='ocrx_word' id='word_1_159' title='bbox 107 1229 163 1252; x_wconf 81' lang='grc' dir='ltr'>νος,</span> <span class='ocrx_word' id='word_1_160' title='bbox 182 1219 255 1252; x_wconf 79' lang='grc' dir='ltr'>ἐδοξέ</span> <span class='ocrx_word' id='word_1_161' title='bbox 276 1229 303 1247; x_wconf 92' lang='grc' dir='ltr'><strong>τι</strong></span> <span class='ocrx_word' id='word_1_162' title='bbox 321 1217 393 1256; x_wconf 69' lang='grc' dir='ltr'>μέγα</span> <span class='ocrx_word' id='word_1_163' title='bbox 418 1220 643 1257; x_wconf 69' lang='grc' dir='ltr'>κατωρθωκέναιι</span> <span class='ocrx_word' id='word_1_164' title='bbox 662 1220 696 1247; x_wconf 83' lang='grc' dir='ltr'>δι’</span> <span class='ocrx_word' id='word_1_165' title='bbox 711 1221 726 1248; x_wconf 86' lang='grc' dir='ltr'><strong>ὃ</strong></span> <span class='ocrx_word' id='word_1_166' title='bbox 750 1221 796 1247; x_wconf 77' lang='grc' dir='ltr'>καὶ</span> <span class='ocrx_word' id='word_1_167' title='bbox 814 1229 898 1256; x_wconf 84' lang='grc' dir='ltr'>μεγα-</span> 
     </span>
    </p>
   </div>
   <div class='ocr_carea' id='block_1_27' title="bbox 107 1266 897 1304">
    <p class='ocr_par' dir='ltr' id='par_1_27' title="bbox 107 1266 897 1304">
     <span class='ocr_line' id='line_1_27' title="bbox 107 1266 897 1304; baseline 0.003 -11"><span class='ocrx_word' id='word_1_168' title='bbox 107 1266 217 1302; x_wconf 82' lang='grc' dir='ltr'>λαυχῶν</span> <span class='ocrx_word' id='word_1_169' title='bbox 247 1266 391 1302; x_wconf 78' lang='grc' dir='ltr'>ἀνατίθησι</span> <span class='ocrx_word' id='word_1_170' title='bbox 407 1266 446 1302; x_wconf 85' lang='grc' dir='ltr'><strong>τῷ</strong></span> <span class='ocrx_word' id='word_1_171' title='bbox 464 1267 584 1303; x_wconf 78' lang='grc' dir='ltr'>μεγίστῳ</span> <span class='ocrx_word' id='word_1_172' title='bbox 598 1267 705 1303; x_wconf 82' lang='grc' dir='ltr'>ποιμένι</span> <span class='ocrx_word' id='word_1_173' title='bbox 722 1267 756 1294; x_wconf 85' lang='grc' dir='ltr'>τὰ</span> <span class='ocrx_word' id='word_1_174' title='bbox 773 1276 897 1304; x_wconf 88' lang='grc' dir='ltr'>πεπραγ-</span> 
     </span>
    </p>
   </div>
   <div class='ocr_carea' id='block_1_28' title="bbox 108 1312 896 1349">
    <p class='ocr_par' dir='ltr' id='par_1_28' title="bbox 108 1312 896 1349">
     <span class='ocr_line' id='line_1_28' title="bbox 108 1312 896 1349; baseline 0.003 -10"><span class='ocrx_word' id='word_1_175' title='bbox 108 1313 190 1348; x_wconf 80' lang='grc' dir='ltr'>μένα,</span> <span class='ocrx_word' id='word_1_176' title='bbox 206 1313 275 1348; x_wconf 84' lang='grc' dir='ltr'>πρὸς</span> <span class='ocrx_word' id='word_1_177' title='bbox 299 1313 329 1339; x_wconf 81' lang='grc' dir='ltr'><strong>ὃν</strong></span> <span class='ocrx_word' id='word_1_178' title='bbox 342 1313 392 1348; x_wconf 83' lang='grc' dir='ltr'><strong>τὴν</strong></span> <span class='ocrx_word' id='word_1_179' title='bbox 408 1312 554 1348; x_wconf 85' lang='grc' dir='ltr'>πανωφελῆ</span> <span class='ocrx_word' id='word_1_180' title='bbox 571 1322 600 1340; x_wconf 85' lang='grc' dir='ltr'><strong>τε</strong></span> <span class='ocrx_word' id='word_1_181' title='bbox 617 1314 664 1340; x_wconf 79' lang='grc' dir='ltr'>καὶ</span> <span class='ocrx_word' id='word_1_182' title='bbox 681 1313 818 1349; x_wconf 80' lang='grc' dir='ltr'>πάνσοφον</span> <span class='ocrx_word' id='word_1_183' title='bbox 834 1314 896 1341; x_wconf 83' lang='grc' dir='ltr'>ἐπι-</span> 
     </span>
    </p>
   </div>
   <div class='ocr_carea' id='block_1_29' title="bbox 107 1359 897 1396">
    <p class='ocr_par' dir='ltr' id='par_1_29' title="bbox 107 1359 897 1396">
     <span class='ocr_line' id='line_1_29' title="bbox 107 1359 897 1396; baseline 0.003 -11"><span class='ocrx_word' id='word_1_184' title='bbox 107 1359 206 1395; x_wconf 84' lang='grc' dir='ltr'>στολὴν</span> <span class='ocrx_word' id='word_1_185' title='bbox 221 1359 329 1395; x_wconf 79' lang='grc' dir='ltr'>ἐκείνην</span> <span class='ocrx_word' id='word_1_186' title='bbox 351 1359 519 1395; x_wconf 76' lang='grc' dir='ltr'>ἀντέγραψεν</span> <span class='ocrx_word' id='word_1_187' title='bbox 535 1360 549 1386; x_wconf 87' lang='grc' dir='ltr'><em>ὁ</em></span> <span class='ocrx_word' id='word_1_188' title='bbox 563 1359 708 1392; x_wconf 86' lang='grc' dir='ltr'>θειότατος,</span> <span class='ocrx_word' id='word_1_189' title='bbox 735 1359 784 1396; x_wconf 84' lang='grc' dir='ltr'>τὴν</span> <span class='ocrx_word' id='word_1_190' title='bbox 807 1361 897 1396; x_wconf 83' lang='grc' dir='ltr'>πάσης</span> 
     </span>
    </p>
   </div>
   <div class='ocr_carea' id='block_1_30' title="bbox 105 1404 897 1443">
    <p class='ocr_par' dir='ltr' id='par_1_30' title="bbox 105 1404 897 1443">
     <span class='ocr_line' id='line_1_30' title="bbox 105 1404 897 1443; baseline 0.001 -10"><span class='ocrx_word' id='word_1_191' title='bbox 105 1405 210 1441; x_wconf 80' lang='grc' dir='ltr'>ἀρετῆς</span> <span class='ocrx_word' id='word_1_192' title='bbox 226 1405 273 1433; x_wconf 87' lang='grc' dir='ltr'>καὶ</span> <span class='ocrx_word' id='word_1_193' title='bbox 290 1405 417 1438; x_wconf 81' lang='grc' dir='ltr'>εὐταξίας</span> <span class='ocrx_word' id='word_1_194' title='bbox 433 1405 599 1442; x_wconf 78' lang='grc' dir='ltr'>διδακτικὴν,</span> <span class='ocrx_word' id='word_1_195' title='bbox 616 1406 649 1433; x_wconf 82' lang='grc' dir='ltr'>δι’</span> <span class='ocrx_word' id='word_1_196' title='bbox 663 1404 697 1443; x_wconf 86' lang='grc' dir='ltr'>ἦς</span> <span class='ocrx_word' id='word_1_197' title='bbox 711 1405 760 1442; x_wconf 85' lang='grc' dir='ltr'><strong>τὴν</strong></span> <span class='ocrx_word' id='word_1_198' title='bbox 776 1407 897 1443; x_wconf 82' lang='grc' dir='ltr'>ἁνεκδιή-</span> 
     </span>
    </p>
   </div>
   <div class='ocr_carea' id='block_1_31' title="bbox 106 1451 896 1489">
    <p class='ocr_par' dir='ltr' id='par_1_31' title="bbox 106 1451 896 1489">
     <span class='ocr_line' id='line_1_31' title="bbox 106 1451 896 1489; baseline 0.003 -11"><span class='ocrx_word' id='word_1_199' title='bbox 106 1451 195 1487; x_wconf 85' lang='grc' dir='ltr'>γητόν</span> <span class='ocrx_word' id='word_1_200' title='bbox 220 1460 250 1478; x_wconf 88' lang='grc' dir='ltr'><strong>τε</strong></span> <span class='ocrx_word' id='word_1_201' title='bbox 279 1451 327 1478; x_wconf 80' lang='grc' dir='ltr'>τοῦ</span> <span class='ocrx_word' id='word_1_202' title='bbox 354 1451 544 1488; x_wconf 86' lang='grc' dir='ltr'>φιλανθρώπου</span> <span class='ocrx_word' id='word_1_203' title='bbox 569 1452 672 1489; x_wconf 78' lang='grc' dir='ltr'>Κυρίου</span> <span class='ocrx_word' id='word_1_204' title='bbox 699 1452 778 1489; x_wconf 80' lang='grc' dir='ltr'>ἡμῶν</span> <span class='ocrx_word' id='word_1_205' title='bbox 810 1452 896 1488; x_wconf 86' lang='grc' dir='ltr'><strong>Ἰησοῦ</strong></span> 
     </span>
    </p>
   </div>
   <div class='ocr_carea' id='block_1_32' title="bbox 104 1497 897 1535">
    <p class='ocr_par' dir='ltr' id='par_1_32' title="bbox 104 1497 897 1535">
     <span class='ocr_line' id='line_1_32' title="bbox 104 1497 897 1535; baseline 0.003 -11"><span class='ocrx_word' id='word_1_206' title='bbox 104 1497 226 1533; x_wconf 77' lang='grc' dir='ltr'>Χριστοῦ</span> <span class='ocrx_word' id='word_1_207' title='bbox 243 1498 307 1534; x_wconf 71' lang='grc' dir='ltr'>περὶ</span> <span class='ocrx_word' id='word_1_208' title='bbox 320 1500 404 1534; x_wconf 73' lang='grc' dir='ltr'>ἡμᾶς,</span> <span class='ocrx_word' id='word_1_209' title='bbox 426 1499 473 1525; x_wconf 84' lang='grc' dir='ltr'>καὶ</span> <span class='ocrx_word' id='word_1_210' title='bbox 497 1498 614 1535; x_wconf 85' lang='grc' dir='ltr'>μάλιστα</span> <span class='ocrx_word' id='word_1_211' title='bbox 631 1499 835 1534; x_wconf 79' lang='grc' dir='ltr'>μετανοοῦντας,</span> <span class='ocrx_word' id='word_1_212' title='bbox 852 1499 897 1526; x_wconf 88' lang='grc' dir='ltr'><strong>εὺ-</strong></span> 
     </span>
    </p>
   </div>
   <div class='ocr_carea' id='block_1_33' title="bbox 105 1542 897 1582">
    <p class='ocr_par' dir='ltr' id='par_1_33' title="bbox 105 1542 897 1582">
     <span class='ocr_line' id='line_1_33' title="bbox 105 1542 897 1582; baseline 0.001 -10"><span class='ocrx_word' id='word_1_213' title='bbox 105 1545 288 1580; x_wconf 83' lang='grc' dir='ltr'>σπλαγχνίαν,</span> <span class='ocrx_word' id='word_1_214' title='bbox 306 1545 353 1572; x_wconf 77' lang='grc' dir='ltr'>καὶ</span> <span class='ocrx_word' id='word_1_215' title='bbox 368 1545 418 1581; x_wconf 84' lang='grc' dir='ltr'>τὴν</span> <span class='ocrx_word' id='word_1_216' title='bbox 436 1542 533 1572; x_wconf 73' lang='grc' dir='ltr'>ἑαυτοῦ</span> <span class='ocrx_word' id='word_1_217' title='bbox 548 1545 711 1581; x_wconf 88' lang='grc' dir='ltr'>θεομίμητον</span> <span class='ocrx_word' id='word_1_218' title='bbox 726 1546 897 1582; x_wconf 83' lang='grc' dir='ltr'>συμπάθειαν</span> 
     </span>
    </p>
   </div>
   <div class='ocr_carea' id='block_1_34' title="bbox 105 1591 931 1631">
    <p class='ocr_par' dir='ltr' id='par_1_34' title="bbox 105 1591 931 1631">
     <span class='ocr_line' id='line_1_34' title="bbox 105 1591 931 1631; baseline 0.001 -13"><span class='ocrx_word' id='word_1_219' title='bbox 105 1591 280 1626; x_wconf 81' lang='grc' dir='ltr'>διεσήμανεν,</span> <span class='ocrx_word' id='word_1_220' title='bbox 309 1591 457 1626; x_wconf 68' lang='grc' dir='ltr'>ἐπαγαγὼν</span> <span class='ocrx_word' id='word_1_221' title='bbox 480 1591 600 1627; x_wconf 81' lang='grc' dir='ltr'>ἱστορίαν</span> <span class='ocrx_word' id='word_1_222' title='bbox 626 1593 753 1628; x_wconf 80' lang='grc' dir='ltr'>φρικτὴν,</span> <span class='ocrx_word' id='word_1_223' title='bbox 770 1592 803 1629; x_wconf 78' lang='grc' dir='ltr'><strong>ἣν</strong></span> <span class='ocrx_word' id='word_1_224' title='bbox 821 1593 895 1628; x_wconf 87' lang='grc' dir='ltr'>ὑμῖν,</span> <span class='ocrx_word' id='word_1_225' title='bbox 910 1602 931 1631; x_wconf 76' lang='lat' dir='ltr'><strong>c</strong></span> 
     </span>
    </p>
   </div>
   <div class='ocr_carea' id='block_1_35' title="bbox 104 1636 896 1674">
    <p class='ocr_par' dir='ltr' id='par_1_35' title="bbox 104 1636 896 1674">
     <span class='ocr_line' id='line_1_35' title="bbox 104 1636 896 1674; baseline 0 -8"><span class='ocrx_word' id='word_1_226' title='bbox 104 1636 130 1666; x_wconf 80' lang='grc' dir='ltr'><strong>ὦ</strong></span> <span class='ocrx_word' id='word_1_227' title='bbox 147 1638 307 1674; x_wconf 84' lang='grc' dir='ltr'>θερμότατοι</span> <span class='ocrx_word' id='word_1_228' title='bbox 334 1639 383 1674; x_wconf 86' lang='grc' dir='ltr'>τῆς</span> <span class='ocrx_word' id='word_1_229' title='bbox 414 1638 468 1665; x_wconf 82' lang='grc' dir='ltr'><strong>τῶν</strong></span> <span class='ocrx_word' id='word_1_230' title='bbox 501 1639 636 1674; x_wconf 82' lang='grc' dir='ltr'>μεγίστων</span> <span class='ocrx_word' id='word_1_231' title='bbox 662 1639 710 1665; x_wconf 81' lang='grc' dir='ltr'>τοῦ</span> <span class='ocrx_word' id='word_1_232' title='bbox 739 1639 896 1673; x_wconf 79' lang='grc' dir='ltr'>ἀξιεπαίνου</span> 
     </span>
    </p>
   </div>
   <div class='ocr_carea' id='block_1_36' title="bbox 104 1682 897 1720">
    <p class='ocr_par' dir='ltr' id='par_1_36' title="bbox 104 1682 897 1720">
     <span class='ocr_line' id='line_1_36' title="bbox 104 1682 897 1720; baseline -0.001 -9"><span class='ocrx_word' id='word_1_233' title='bbox 104 1682 211 1719; x_wconf 78' lang='grc' dir='ltr'>πατρὸς</span> <span class='ocrx_word' id='word_1_234' title='bbox 240 1682 404 1718; x_wconf 70' lang='grc' dir='ltr'>αὐχημάτων</span> <span class='ocrx_word' id='word_1_235' title='bbox 425 1683 582 1718; x_wconf 82' lang='grc' dir='ltr'>ἀκροάσεως</span> <span class='ocrx_word' id='word_1_236' title='bbox 610 1683 732 1718; x_wconf 77' lang='grc' dir='ltr'>ἐρασταὶ,</span> <span class='ocrx_word' id='word_1_237' title='bbox 764 1684 897 1720; x_wconf 85' lang='grc' dir='ltr'>προθήσο-</span> 
     </span>
    </p>
   </div>
   <div class='ocr_carea' id='block_1_37' title="bbox 107 1739 170 1767">
    <p class='ocr_par' dir='ltr' id='par_1_37' title="bbox 107 1739 170 1767">
     <span class='ocr_line' id='line_1_37' title="bbox 107 1739 170 1767; baseline 0 -10"><span class='ocrx_word' id='word_1_238' title='bbox 107 1739 170 1767; x_wconf 85' lang='grc' dir='ltr'>μαι.</span> 
     </span>
    </p>
   </div>
   <div class='ocr_carea' id='block_1_38' title="bbox 143 1816 896 1854">
    <p class='ocr_par' dir='ltr' id='par_1_38' title="bbox 143 1816 896 1854">
     <span class='ocr_line' id='line_1_38' title="bbox 143 1816 896 1854; baseline 0.003 -10"><span class='ocrx_word' id='word_1_239' title='bbox 143 1817 174 1844; x_wconf 75' lang='lat' dir='ltr'><strong>Et</strong></span> <span class='ocrx_word' id='word_1_240' title='bbox 192 1816 293 1852; x_wconf 82' lang='grc' dir='ltr'>βούλει,</span> <span class='ocrx_word' id='word_1_241' title='bbox 324 1818 401 1852; x_wconf 78' lang='grc' dir='ltr'>φησὶ,</span> <span class='ocrx_word' id='word_1_242' title='bbox 419 1818 466 1845; x_wconf 72' lang='grc' dir='ltr'>καὶ</span> <span class='ocrx_word' id='word_1_243' title='bbox 487 1817 562 1849; x_wconf 86' lang='grc' dir='ltr'>θείας</span> <span class='ocrx_word' id='word_1_244' title='bbox 583 1817 704 1854; x_wconf 81' lang='grc' dir='ltr'>ὁράσεως</span> <span class='ocrx_word' id='word_1_245' title='bbox 734 1818 811 1853; x_wconf 81' lang='grc' dir='ltr'>ἁγίου</span> <span class='ocrx_word' id='word_1_246' title='bbox 824 1819 896 1851; x_wconf 87' lang='grc' dir='ltr'>τινδς</span> 
     </span>
    </p>
   </div>
   <div class='ocr_carea' id='block_1_39' title="bbox 101 1861 894 1901">
    <p class='ocr_par' dir='ltr' id='par_1_39' title="bbox 101 1861 894 1901">
     <span class='ocr_line' id='line_1_39' title="bbox 101 1861 894 1901; baseline 0.001 -11"><span class='ocrx_word' id='word_1_247' title='bbox 101 1861 204 1898; x_wconf 80' lang='grc' dir='ltr'>ἀνδρὸς</span> <span class='ocrx_word' id='word_1_248' title='bbox 229 1862 478 1899; x_wconf 81' lang='grc' dir='ltr'>ἐπιμνησθήσομαι,</span> <span class='ocrx_word' id='word_1_249' title='bbox 504 1863 551 1890; x_wconf 71' lang='grc' dir='ltr'>καὶ</span> <span class='ocrx_word' id='word_1_250' title='bbox 583 1863 620 1899; x_wconf 77' lang='grc' dir='ltr'>μὴ</span> <span class='ocrx_word' id='word_1_251' title='bbox 645 1863 777 1900; x_wconf 82' lang='grc' dir='ltr'>γελάσῃς·</span> <span class='ocrx_word' id='word_1_252' title='bbox 808 1864 894 1901; x_wconf 84' lang='grc' dir='ltr'>ἀληθῆ</span> 
     </span>
    </p>
   </div>
   <div class='ocr_carea' id='block_1_40' title="bbox 102 1906 897 1945">
    <p class='ocr_par' dir='ltr' id='par_1_40' title="bbox 102 1906 897 1945">
     <span class='ocr_line' id='line_1_40' title="bbox 102 1906 897 1945; baseline 0.001 -10"><span class='ocrx_word' id='word_1_253' title='bbox 102 1907 162 1944; x_wconf 80' lang='grc' dir='ltr'><strong>γὰρ</strong></span> <span class='ocrx_word' id='word_1_254' title='bbox 178 1907 242 1944; x_wconf 81' lang='grc' dir='ltr'>ἐρῶ.</span> <span class='ocrx_word' id='word_1_255' title='bbox 260 1906 408 1944; x_wconf 87' lang='grc' dir='ltr'>Γενόμενόν</span> <span class='ocrx_word' id='word_1_256' title='bbox 424 1909 459 1944; x_wconf 77' lang='grc' dir='ltr'>μέ</span> <span class='ocrx_word' id='word_1_257' title='bbox 476 1917 540 1935; x_wconf 87' lang='grc' dir='ltr'>ποτε</span> <span class='ocrx_word' id='word_1_258' title='bbox 557 1908 628 1935; x_wconf 82' lang='grc' dir='ltr'>κατὰ</span> <span class='ocrx_word' id='word_1_259' title='bbox 642 1909 691 1944; x_wconf 85' lang='grc' dir='ltr'>τὴν</span> <span class='ocrx_word' id='word_1_260' title='bbox 711 1909 823 1945; x_wconf 82' lang='grc' dir='ltr'>Κρήτην</span> <span class='ocrx_word' id='word_1_261' title='bbox 837 1911 851 1936; x_wconf 84' lang='grc' dir='ltr'><strong>ό</strong></span> <span class='ocrx_word' id='word_1_262' title='bbox 864 1909 897 1936; x_wconf 77' lang='lat' dir='ltr'><strong>ls-</strong></span> 
     </span>
    </p>
   </div>
   <div class='ocr_carea' id='block_1_41' title="bbox 103 1950 895 1991">
    <p class='ocr_par' dir='ltr' id='par_1_41' title="bbox 103 1950 895 1991">
     <span class='ocr_line' id='line_1_41' title="bbox 103 1950 895 1991; baseline 0.003 -11"><span class='ocrx_word' id='word_1_263' title='bbox 103 1954 155 1991; x_wconf 84' lang='grc' dir='ltr'>ρδς</span> <span class='ocrx_word' id='word_1_264' title='bbox 180 1950 367 1991; x_wconf 77' lang='grc' dir='ltr'>ἐξεναγώγησε</span> <span class='ocrx_word' id='word_1_265' title='bbox 382 1955 505 1991; x_wconf 85' lang='grc' dir='ltr'>Κάρπος,</span> <span class='ocrx_word' id='word_1_266' title='bbox 534 1954 614 1991; x_wconf 83' lang='grc' dir='ltr'>ἀνήρ,</span> <span class='ocrx_word' id='word_1_267' title='bbox 644 1954 691 1981; x_wconf 76' lang='grc' dir='ltr'><strong>καὶ</strong></span> <span class='ocrx_word' id='word_1_268' title='bbox 707 1954 734 1981; x_wconf 78' lang='grc' dir='ltr'>εἴ</span> <span class='ocrx_word' id='word_1_269' title='bbox 747 1963 789 1987; x_wconf 79' lang='grc' dir='ltr'><strong>τις</strong></span> <span class='ocrx_word' id='word_1_270' title='bbox 805 1955 895 1988; x_wconf 75' lang='grc' dir='ltr'>ἄλλος,</span> 
     </span>
    </p>
   </div>
   <div class='ocr_carea' id='block_1_42' title="bbox 101 2000 895 2038">
    <p class='ocr_par' dir='ltr' id='par_1_42' title="bbox 101 2000 895 2038">
     <span class='ocr_line' id='line_1_42' title="bbox 101 2000 895 2038; baseline 0.003 -11"><span class='ocrx_word' id='word_1_271' title='bbox 101 2000 151 2028; x_wconf 82' lang='grc' dir='ltr'>διὰ</span> <span class='ocrx_word' id='word_1_272' title='bbox 167 2000 267 2036; x_wconf 79' lang='grc' dir='ltr'>πολλὴν</span> <span class='ocrx_word' id='word_1_273' title='bbox 292 2001 465 2037; x_wconf 83' lang='grc' dir='ltr'>καθαρότητα</span> <span class='ocrx_word' id='word_1_274' title='bbox 481 2000 527 2027; x_wconf 85' lang='grc' dir='ltr'>νοῦ</span> <span class='ocrx_word' id='word_1_275' title='bbox 553 2001 622 2036; x_wconf 81' lang='grc' dir='ltr'>πρὸς</span> <span class='ocrx_word' id='word_1_276' title='bbox 647 2001 773 2029; x_wconf 88' lang='grc' dir='ltr'>θεοπτίαν</span> <span class='ocrx_word' id='word_1_277' title='bbox 799 2002 895 2038; x_wconf 83' lang='grc' dir='ltr'>ἐπιτη-</span> 
     </span>
    </p>
   </div>
   <div class='ocr_carea' id='block_1_43' title="bbox 100 2046 894 2084">
    <p class='ocr_par' dir='ltr' id='par_1_43' title="bbox 100 2046 894 2084">
     <span class='ocr_line' id='line_1_43' title="bbox 100 2046 894 2084; baseline -0.003 -9"><span class='ocrx_word' id='word_1_278' title='bbox 100 2047 258 2078; x_wconf 78' lang='grc' dir='ltr'>δειότατος·</span> <span class='ocrx_word' id='word_1_279' title='bbox 276 2047 323 2074; x_wconf 78' lang='grc' dir='ltr'>καὶ</span> <span class='ocrx_word' id='word_1_280' title='bbox 339 2046 405 2081; x_wconf 76' lang='grc' dir='ltr'>γοῦν</span> <span class='ocrx_word' id='word_1_281' title='bbox 421 2046 482 2074; x_wconf 81' lang='grc' dir='ltr'><strong>οὐδὲ</strong></span> <span class='ocrx_word' id='word_1_282' title='bbox 498 2048 559 2078; x_wconf 82' lang='grc' dir='ltr'>ταῖς</span> <span class='ocrx_word' id='word_1_283' title='bbox 585 2047 677 2082; x_wconf 82' lang='grc' dir='ltr'>ἁγίαις</span> <span class='ocrx_word' id='word_1_284' title='bbox 706 2047 760 2073; x_wconf 83' lang='grc' dir='ltr'>τῶν</span> <span class='ocrx_word' id='word_1_285' title='bbox 791 2056 894 2084; x_wconf 89' lang='grc' dir='ltr'>μυστη-</span> 
     </span>
    </p>
   </div>
   <div class='ocr_carea' id='block_1_44' title="bbox 103 2092 894 2130">
    <p class='ocr_par' dir='ltr' id='par_1_44' title="bbox 103 2092 894 2130">
     <span class='ocr_line' id='line_1_44' title="bbox 103 2092 894 2130; baseline -0.001 -10"><span class='ocrx_word' id='word_1_286' title='bbox 103 2093 175 2130; x_wconf 84' lang='grc' dir='ltr'>ρίων</span> <span class='ocrx_word' id='word_1_287' title='bbox 200 2092 322 2124; x_wconf 82' lang='grc' dir='ltr'>τελεταῖς</span> <span class='ocrx_word' id='word_1_288' title='bbox 342 2093 483 2128; x_wconf 80' lang='grc' dir='ltr'>ἐνεχείρει,</span> <span class='ocrx_word' id='word_1_289' title='bbox 509 2092 546 2128; x_wconf 84' lang='grc' dir='ltr'>μὴ</span> <span class='ocrx_word' id='word_1_290' title='bbox 568 2093 700 2128; x_wconf 85' lang='grc' dir='ltr'>πρότερον</span> <span class='ocrx_word' id='word_1_291' title='bbox 722 2092 797 2128; x_wconf 86' lang='grc' dir='ltr'>αύτῷ</span> <span class='ocrx_word' id='word_1_292' title='bbox 824 2093 894 2120; x_wconf 86' lang='grc' dir='ltr'>κατὰ</span> 
     </span>
    </p>
   </div>
   <div class='ocr_carea' id='block_1_45' title="bbox 100 2138 895 2175">
    <p class='ocr_par' dir='ltr' id='par_1_45' title="bbox 100 2138 895 2175">
     <span class='ocr_line' id='line_1_45' title="bbox 100 2138 895 2175; baseline -0.001 -9"><span class='ocrx_word' id='word_1_293' title='bbox 100 2138 157 2171; x_wconf 81' lang='grc' dir='ltr'><strong>τὰς</strong></span> <span class='ocrx_word' id='word_1_294' title='bbox 173 2138 345 2174; x_wconf 86' lang='grc' dir='ltr'>προτελείους</span> <span class='ocrx_word' id='word_1_295' title='bbox 360 2138 444 2174; x_wconf 79' lang='grc' dir='ltr'>εὐχὰς</span> <span class='ocrx_word' id='word_1_296' title='bbox 465 2139 541 2174; x_wconf 74' lang='grc' dir='ltr'>ἱερᾶς</span> <span class='ocrx_word' id='word_1_297' title='bbox 557 2139 604 2165; x_wconf 75' lang='grc' dir='ltr'>καὶ</span> <span class='ocrx_word' id='word_1_298' title='bbox 626 2138 759 2174; x_wconf 78' lang='grc' dir='ltr'>εὐμενοῦς</span> <span class='ocrx_word' id='word_1_299' title='bbox 774 2138 895 2175; x_wconf 85' lang='grc' dir='ltr'>ὁράσεως</span> 
     </span>
    </p>
   </div>
   <div class='ocr_carea' id='block_1_46' title="bbox 100 2183 894 2221">
    <p class='ocr_par' dir='ltr' id='par_1_46' title="bbox 100 2183 894 2221">
     <span class='ocr_line' id='line_1_46' title="bbox 100 2183 894 2221; baseline 0 -9"><span class='ocrx_word' id='word_1_300' title='bbox 100 2184 328 2221; x_wconf 76' lang='grc' dir='ltr'>ὲπιφαινομένης.</span> <span class='ocrx_word' id='word_1_301' title='bbox 348 2184 460 2219; x_wconf 87' lang='grc' dir='ltr'>Ἔλεγεν</span> <span class='ocrx_word' id='word_1_302' title='bbox 482 2183 539 2216; x_wconf 79' lang='grc' dir='ltr'>οὖν,</span> <span class='ocrx_word' id='word_1_303' title='bbox 560 2185 600 2211; x_wconf 83' lang='grc' dir='ltr'>ὃτι</span> <span class='ocrx_word' id='word_1_304' title='bbox 618 2184 798 2220; x_wconf 79' lang='grc' dir='ltr'>λελυπηκότος</span> <span class='ocrx_word' id='word_1_305' title='bbox 813 2185 894 2212; x_wconf 80' lang='grc' dir='ltr'>αὐτόν</span> 
     </span>
    </p>
   </div>
   <div class='ocr_carea' id='block_1_47' title="bbox 100 2227 892 2266">
    <p class='ocr_par' dir='ltr' id='par_1_47' title="bbox 100 2227 892 2266">
     <span class='ocr_line' id='line_1_47' title="bbox 100 2227 892 2266; baseline 0 -10"><span class='ocrx_word' id='word_1_306' title='bbox 100 2239 172 2257; x_wconf 79' lang='grc' dir='ltr'>ποτε</span> <span class='ocrx_word' id='word_1_307' title='bbox 181 2230 236 2257; x_wconf 86' lang='grc' dir='ltr'>τῶν</span> <span class='ocrx_word' id='word_1_308' title='bbox 253 2229 375 2257; x_wconf 81' lang='grc' dir='ltr'>ἀπίστων</span> <span class='ocrx_word' id='word_1_309' title='bbox 388 2230 460 2262; x_wconf 87' lang='grc' dir='ltr'>τινός</span> <span class='ocrx_word' id='word_1_310' title='bbox 471 2238 477 2245; x_wconf 87' lang='grc'>·</span> <span class='ocrx_word' id='word_1_311' title='bbox 491 2229 519 2266; x_wconf 86' lang='grc' dir='ltr'><strong>(ἡ</strong></span> <span class='ocrx_word' id='word_1_312' title='bbox 531 2229 603 2265; x_wconf 79' lang='grc' dir='ltr'>λύπη</span> <span class='ocrx_word' id='word_1_313' title='bbox 614 2229 642 2256; x_wconf 76' lang='grc' dir='ltr'><strong>δὲ</strong></span> <span class='ocrx_word' id='word_1_314' title='bbox 654 2227 698 2265; x_wconf 79' lang='grc' dir='ltr'>ἦν,</span> <span class='ocrx_word' id='word_1_315' title='bbox 710 2231 750 2257; x_wconf 86' lang='grc' dir='ltr'>ὄτι</span> <span class='ocrx_word' id='word_1_316' title='bbox 764 2230 815 2265; x_wconf 86' lang='grc' dir='ltr'>τῆς</span> <span class='ocrx_word' id='word_1_317' title='bbox 831 2230 892 2256; x_wconf 82' lang='grc' dir='ltr'><strong>Ἑκ-</strong></span> 
     </span>
    </p>
   </div>
   <div class='ocr_carea' id='block_1_48' title="bbox 951 299 1736 334">
    <p class='ocr_par' dir='ltr' id='par_1_48' title="bbox 951 299 1736 334">
     <span class='ocr_line' id='line_1_48' title="bbox 951 299 1736 334; baseline 0.003 -6"><span class='ocrx_word' id='word_1_318' title='bbox 951 299 1123 328; x_wconf 76' lang='lat' dir='ltr'><strong>auditoribus</strong></span> <span class='ocrx_word' id='word_1_319' title='bbox 1148 299 1306 332; x_wconf 84' lang='lat' dir='ltr'><strong>declarabit,</strong></span> <span class='ocrx_word' id='word_1_320' title='bbox 1331 300 1492 334; x_wconf 90' lang='lat' dir='ltr'><strong>permittens</strong></span> <span class='ocrx_word' id='word_1_321' title='bbox 1514 303 1545 328; x_wconf 87' lang='lat' dir='ltr'><strong>ut</strong></span> <span class='ocrx_word' id='word_1_322' title='bbox 1569 309 1604 329; x_wconf 79' lang='lat' dir='ltr'><strong>ex</strong></span> <span class='ocrx_word' id='word_1_323' title='bbox 1620 302 1736 330; x_wconf 84' lang='lat' dir='ltr'><strong>lectione</strong></span> 
     </span>
    </p>
   </div>
   <div class='ocr_carea' id='block_1_49' title="bbox 950 345 1735 384">
    <p class='ocr_par' dir='ltr' id='par_1_49' title="bbox 950 345 1735 384">
     <span class='ocr_line' id='line_1_49' title="bbox 950 345 1735 384; baseline 0.003 -10"><span class='ocrx_word' id='word_1_324' title='bbox 950 353 1045 374; x_wconf 88' lang='lat' dir='ltr'><strong>eorum</strong></span> <span class='ocrx_word' id='word_1_325' title='bbox 1059 353 1120 381; x_wconf 73' lang='lat' dir='ltr'><strong>qua:</strong></span> <span class='ocrx_word' id='word_1_326' title='bbox 1137 349 1230 381; x_wconf 78' lang='lat' dir='ltr'><strong>pastor</strong></span> <span class='ocrx_word' id='word_1_327' title='bbox 1256 345 1435 373; x_wconf 85' lang='lat' dir='ltr'><strong>admirandus</strong></span> <span class='ocrx_word' id='word_1_328' title='bbox 1459 347 1494 374; x_wconf 90' lang='lat' dir='ltr'><strong>ad</strong></span> <span class='ocrx_word' id='word_1_329' title='bbox 1510 347 1586 374; x_wconf 90' lang='lat' dir='ltr'><strong>illum</strong></span> <span class='ocrx_word' id='word_1_330' title='bbox 1610 348 1735 384; x_wconf 81' lang='lat' dir='ltr'><strong>scripsit,</strong></span> 
     </span>
    </p>
   </div>
   <div class='ocr_carea' id='block_1_50' title="bbox 950 390 1737 426">
    <p class='ocr_par' dir='ltr' id='par_1_50' title="bbox 950 390 1737 426">
     <span class='ocr_line' id='line_1_50' title="bbox 950 390 1737 426; baseline 0.005 -8"><span class='ocrx_word' id='word_1_331' title='bbox 950 391 1058 426; x_wconf 87' lang='lat' dir='ltr'><strong>plenius</strong></span> <span class='ocrx_word' id='word_1_332' title='bbox 1079 391 1262 419; x_wconf 87' lang='lat' dir='ltr'><strong>instruantur.</strong></span> <span class='ocrx_word' id='word_1_333' title='bbox 1278 390 1456 426; x_wconf 88' lang='lat' dir='ltr'><strong>Demophilus</strong></span> <span class='ocrx_word' id='word_1_334' title='bbox 1472 393 1534 425; x_wconf 90' lang='lat' dir='ltr'><strong>iste,</strong></span> <span class='ocrx_word' id='word_1_335' title='bbox 1553 400 1626 422; x_wconf 91' lang='lat' dir='ltr'><strong>unus</strong></span> <span class='ocrx_word' id='word_1_336' title='bbox 1639 401 1672 421; x_wconf 82' lang='lat' dir='ltr'><strong>ex</strong></span> <span class='ocrx_word' id='word_1_337' title='bbox 1683 395 1737 422; x_wconf 93' lang='lat' dir='ltr'><strong>mi-</strong></span> 
     </span>
    </p>
   </div>
   <div class='ocr_carea' id='block_1_51' title="bbox 949 436 1737 472">
    <p class='ocr_par' dir='ltr' id='par_1_51' title="bbox 949 436 1737 472">
     <span class='ocr_line' id='line_1_51' title="bbox 949 436 1737 472; baseline 0.005 -8"><span class='ocrx_word' id='word_1_338' title='bbox 949 437 1046 465; x_wconf 90' lang='lat' dir='ltr'><strong>nistris</strong></span> <span class='ocrx_word' id='word_1_339' title='bbox 1059 436 1125 469; x_wconf 88' lang='lat' dir='ltr'><strong>illis,</strong></span> <span class='ocrx_word' id='word_1_340' title='bbox 1137 436 1184 472; x_wconf 88' lang='lat' dir='ltr'><strong>qui</strong></span> <span class='ocrx_word' id='word_1_341' title='bbox 1199 444 1213 463; x_wconf 86' lang='lat' dir='ltr'><strong>a</strong></span> <span class='ocrx_word' id='word_1_342' title='bbox 1226 436 1357 472; x_wconf 89' lang='lat' dir='ltr'><strong>Dionysio</strong></span> <span class='ocrx_word' id='word_1_343' title='bbox 1371 437 1463 465; x_wconf 91' lang='lat' dir='ltr'><strong>divino</strong></span> <span class='ocrx_word' id='word_1_344' title='bbox 1477 438 1635 468; x_wconf 82' lang='lat' dir='ltr'><strong>institutore</strong></span> <span class='ocrx_word' id='word_1_345' title='bbox 1648 440 1737 468; x_wconf 88' lang='lat' dir='ltr'><strong>sacris</strong></span> 
     </span>
    </p>
   </div>
   <div class='ocr_carea' id='block_1_52' title="bbox 949 483 1736 520">
    <p class='ocr_par' dir='ltr' id='par_1_52' title="bbox 949 483 1736 520">
     <span class='ocr_line' id='line_1_52' title="bbox 949 483 1736 520; baseline 0.005 -10"><span class='ocrx_word' id='word_1_346' title='bbox 949 483 1052 510; x_wconf 79' lang='lat' dir='ltr'><strong>initiati</strong></span> <span class='ocrx_word' id='word_1_347' title='bbox 1068 487 1157 515; x_wconf 86' lang='lat' dir='ltr'><strong>erant,</strong></span> <span class='ocrx_word' id='word_1_348' title='bbox 1173 490 1208 510; x_wconf 71' lang='lat' dir='ltr'><strong>ex</strong></span> <span class='ocrx_word' id='word_1_349' title='bbox 1221 483 1362 518; x_wconf 78' lang='lat' dir='ltr'><strong>pr0vincia</strong></span> <span class='ocrx_word' id='word_1_350' title='bbox 1377 483 1491 512; x_wconf 78' lang='lat' dir='ltr'><strong>Athenis</strong></span> <span class='ocrx_word' id='word_1_351' title='bbox 1506 485 1630 520; x_wconf 82' lang='lat' dir='ltr'><strong>subjecta</strong></span> <span class='ocrx_word' id='word_1_352' title='bbox 1641 486 1736 514; x_wconf 91' lang='lat' dir='ltr'><strong>oriun-</strong></span> 
     </span>
    </p>
   </div>
   <div class='ocr_carea' id='block_1_53' title="bbox 949 529 1736 566">
    <p class='ocr_par' dir='ltr' id='par_1_53' title="bbox 949 529 1736 566">
     <span class='ocr_line' id='line_1_53' title="bbox 949 529 1736 566; baseline 0.005 -10"><span class='ocrx_word' id='word_1_353' title='bbox 949 529 1002 557; x_wconf 86' lang='lat' dir='ltr'><strong>dus</strong></span> <span class='ocrx_word' id='word_1_354' title='bbox 1025 536 1074 564; x_wconf 87' lang='lat' dir='ltr'><strong>per</strong></span> <span class='ocrx_word' id='word_1_355' title='bbox 1094 537 1201 557; x_wconf 82' lang='lat' dir='ltr'><strong>sacram</strong></span> <span class='ocrx_word' id='word_1_356' title='bbox 1226 530 1286 566; x_wconf 85' lang='lat' dir='ltr'><strong>ejus</strong></span> <span class='ocrx_word' id='word_1_357' title='bbox 1306 535 1486 565; x_wconf 85' lang='lat' dir='ltr'><strong>sanctamque</strong></span> <span class='ocrx_word' id='word_1_358' title='bbox 1505 531 1588 566; x_wconf 78' lang='lat'><strong>379</strong></span> <span class='ocrx_word' id='word_1_359' title='bbox 1604 539 1736 560; x_wconf 89' lang='lat' dir='ltr'><strong>manuum</strong></span> 
     </span>
    </p>
   </div>
   <div class='ocr_carea' id='block_1_54' title="bbox 949 576 1735 614">
    <p class='ocr_par' dir='ltr' id='par_1_54' title="bbox 949 576 1735 614">
     <span class='ocr_line' id='line_1_54' title="bbox 949 576 1735 614; baseline 0.004 -11"><span class='ocrx_word' id='word_1_360' title='bbox 949 576 1152 611; x_wconf 87' lang='lat' dir='ltr'><strong>impositionem</strong></span> <span class='ocrx_word' id='word_1_361' title='bbox 1164 576 1289 605; x_wconf 80' lang='lat' dir='ltr'><strong>minister</strong></span> <span class='ocrx_word' id='word_1_362' title='bbox 1305 577 1450 605; x_wconf 88' lang='lat' dir='ltr'><strong>ordinatus</strong></span> <span class='ocrx_word' id='word_1_363' title='bbox 1463 576 1525 605; x_wconf 85' lang='lat' dir='ltr'><strong>luit.</strong></span> <span class='ocrx_word' id='word_1_364' title='bbox 1537 577 1672 605; x_wconf 74' lang='lat' dir='ltr'><strong>Caeterum</strong></span> <span class='ocrx_word' id='word_1_365' title='bbox 1687 579 1735 614; x_wconf 90' lang='lat' dir='ltr'><strong>qui</strong></span> 
     </span>
    </p>
   </div>
   <div class='ocr_carea' id='block_1_55' title="bbox 949 622 1736 658">
    <p class='ocr_par' dir='ltr' id='par_1_55' title="bbox 949 622 1736 658">
     <span class='ocr_line' id='line_1_55' title="bbox 949 622 1736 658; baseline 0.005 -10"><span class='ocrx_word' id='word_1_366' title='bbox 949 625 1098 649; x_wconf 85' lang='lat' dir='ltr'><strong>censentur</strong></span> <span class='ocrx_word' id='word_1_367' title='bbox 1122 622 1174 649; x_wconf 90' lang='lat' dir='ltr'><strong>hoc</strong></span> <span class='ocrx_word' id='word_1_368' title='bbox 1200 622 1306 657; x_wconf 76' lang='lat' dir='ltr'><strong>ordine,</strong></span> <span class='ocrx_word' id='word_1_369' title='bbox 1331 622 1463 650; x_wconf 81' lang='lat' dir='ltr'><strong>monachi</strong></span> <span class='ocrx_word' id='word_1_370' title='bbox 1485 623 1666 658; x_wconf 83' lang='lat' dir='ltr'><strong>appellantur,</strong></span> <span class='ocrx_word' id='word_1_371' title='bbox 1683 624 1736 652; x_wconf 88' lang='lat' dir='ltr'><strong>hoc</strong></span> 
     </span>
    </p>
   </div>
   <div class='ocr_carea' id='block_1_56' title="bbox 948 666 1736 704">
    <p class='ocr_par' dir='ltr' id='par_1_56' title="bbox 948 666 1736 704">
     <span class='ocr_line' id='line_1_56' title="bbox 948 666 1736 704; baseline 0.004 -11"><span class='ocrx_word' id='word_1_372' title='bbox 948 667 1123 702; x_wconf 82' lang='lat' dir='ltr'><strong>cognomine,</strong></span> <span class='ocrx_word' id='word_1_373' title='bbox 1150 666 1198 694; x_wconf 91' lang='lat' dir='ltr'><strong>illo</strong></span> <span class='ocrx_word' id='word_1_374' title='bbox 1220 668 1340 696; x_wconf 76' lang='lat' dir='ltr'><strong>maxime</strong></span> <span class='ocrx_word' id='word_1_375' title='bbox 1365 671 1488 704; x_wconf 86' lang='lat' dir='ltr'><strong>tempore</strong></span> <span class='ocrx_word' id='word_1_376' title='bbox 1503 669 1672 703; x_wconf 86' lang='lat' dir='ltr'><strong>nuncupati,</strong></span> <span class='ocrx_word' id='word_1_377' title='bbox 1688 668 1736 704; x_wconf 73' lang='lat' dir='ltr'><strong>Qui</strong></span> 
     </span>
    </p>
   </div>
   <div class='ocr_carea' id='block_1_57' title="bbox 948 711 1736 749">
    <p class='ocr_par' dir='ltr' id='par_1_57' title="bbox 948 711 1736 749">
     <span class='ocr_line' id='line_1_57' title="bbox 948 711 1736 749; baseline 0.005 -11"><span class='ocrx_word' id='word_1_378' title='bbox 948 711 983 738; x_wconf 88' lang='lat' dir='ltr'><strong>ad</strong></span> <span class='ocrx_word' id='word_1_379' title='bbox 997 716 1092 747; x_wconf 87' lang='lat' dir='ltr'><strong>portas</strong></span> <span class='ocrx_word' id='word_1_380' title='bbox 1108 713 1201 748; x_wconf 87' lang='lat' dir='ltr'><strong>templi</strong></span> <span class='ocrx_word' id='word_1_381' title='bbox 1225 713 1394 748; x_wconf 83' lang='lat' dir='ltr'><strong>jubebantur</strong></span> <span class='ocrx_word' id='word_1_382' title='bbox 1408 714 1547 741; x_wconf 86' lang='lat' dir='ltr'><strong>assistere.</strong></span> <span class='ocrx_word' id='word_1_383' title='bbox 1567 713 1653 749; x_wconf 78' lang='lat' dir='ltr'><strong>Igitur</strong></span> <span class='ocrx_word' id='word_1_384' title='bbox 1673 722 1736 742; x_wconf 86' lang='lat' dir='ltr'><strong>cum</strong></span> 
     </span>
    </p>
   </div>
   <div class='ocr_carea' id='block_1_58' title="bbox 948 757 1735 795">
    <p class='ocr_par' dir='ltr' id='par_1_58' title="bbox 948 757 1735 795">
     <span class='ocr_line' id='line_1_58' title="bbox 948 757 1735 795; baseline 0.005 -12"><span class='ocrx_word' id='word_1_385' title='bbox 948 757 1089 792; x_wconf 90' lang='lat' dir='ltr'><strong>proprium</strong></span> <span class='ocrx_word' id='word_1_386' title='bbox 1105 757 1150 786; x_wconf 89' lang='lat' dir='ltr'><strong>hic</strong></span> <span class='ocrx_word' id='word_1_387' title='bbox 1166 759 1355 795; x_wconf 82' lang='lat' dir='ltr'><strong>presbyterum</strong></span> <span class='ocrx_word' id='word_1_388' title='bbox 1373 759 1517 795; x_wconf 86' lang='lat' dir='ltr'><strong>tyrannice</strong></span> <span class='ocrx_word' id='word_1_389' title='bbox 1539 760 1735 795; x_wconf 83' lang='lat' dir='ltr'><strong>oppressisset,</strong></span> 
     </span>
    </p>
   </div>
   <div class='ocr_carea' id='block_1_59' title="bbox 947 802 1736 839">
    <p class='ocr_par' dir='ltr' id='par_1_59' title="bbox 947 802 1736 839">
     <span class='ocr_line' id='line_1_59' title="bbox 947 802 1736 839; baseline 0.004 -10"><span class='ocrx_word' id='word_1_390' title='bbox 947 802 974 830; x_wconf 91' lang='lat' dir='ltr'><strong>in</strong></span> <span class='ocrx_word' id='word_1_391' title='bbox 988 803 1123 839; x_wconf 85' lang='lat' dir='ltr'><strong>adytaque</strong></span> <span class='ocrx_word' id='word_1_392' title='bbox 1139 811 1195 839; x_wconf 90' lang='lat' dir='ltr'><strong>quo</strong></span> <span class='ocrx_word' id='word_1_393' title='bbox 1209 804 1356 839; x_wconf 82' lang='lat' dir='ltr'><strong>procedere</strong></span> <span class='ocrx_word' id='word_1_394' title='bbox 1373 805 1412 832; x_wconf 90' lang='lat' dir='ltr'><strong>illi</strong></span> <span class='ocrx_word' id='word_1_395' title='bbox 1422 812 1477 832; x_wconf 91' lang='lat' dir='ltr'><strong>non</strong></span> <span class='ocrx_word' id='word_1_396' title='bbox 1488 805 1598 837; x_wconf 82' lang='lat' dir='ltr'><strong>licebat,</strong></span> <span class='ocrx_word' id='word_1_397' title='bbox 1611 805 1736 833; x_wconf 89' lang='lat' dir='ltr'><strong>insiluis-</strong></span> 
     </span>
    </p>
   </div>
   <div class='ocr_carea' id='block_1_60' title="bbox 948 850 1735 886">
    <p class='ocr_par' dir='ltr' id='par_1_60' title="bbox 948 850 1735 886">
     <span class='ocr_line' id='line_1_60' title="bbox 948 850 1735 886; baseline 0.005 -10"><span class='ocrx_word' id='word_1_398' title='bbox 948 853 1002 882; x_wconf 90' lang='lat' dir='ltr'><strong>set,</strong></span> <span class='ocrx_word' id='word_1_399' title='bbox 1018 850 1052 877; x_wconf 87' lang='lat' dir='ltr'><strong>ab</strong></span> <span class='ocrx_word' id='word_1_400' title='bbox 1067 850 1146 877; x_wconf 86' lang='lat' dir='ltr'><strong>altari</strong></span> <span class='ocrx_word' id='word_1_401' title='bbox 1160 857 1269 886; x_wconf 90' lang='lat' dir='ltr'><strong>qu0que</strong></span> <span class='ocrx_word' id='word_1_402' title='bbox 1284 857 1316 877; x_wconf 90' lang='lat' dir='ltr'><strong>ac</strong></span> <span class='ocrx_word' id='word_1_403' title='bbox 1343 850 1484 878; x_wconf 92' lang='lat' dir='ltr'><strong>hominum</strong></span> <span class='ocrx_word' id='word_1_404' title='bbox 1511 856 1735 880; x_wconf 90' lang='lat' dir='ltr'><strong>consecratorum</strong></span> 
     </span>
    </p>
   </div>
   <div class='ocr_carea' id='block_1_61' title="bbox 947 895 1734 930">
    <p class='ocr_par' dir='ltr' id='par_1_61' title="bbox 947 895 1734 930">
     <span class='ocr_line' id='line_1_61' title="bbox 947 895 1734 930; baseline 0.005 -8"><span class='ocrx_word' id='word_1_405' title='bbox 947 895 1009 922; x_wconf 91' lang='lat' dir='ltr'><strong>loco</strong></span> <span class='ocrx_word' id='word_1_406' title='bbox 1023 895 1099 922; x_wconf 93' lang='lat' dir='ltr'><strong>illum</strong></span> <span class='ocrx_word' id='word_1_407' title='bbox 1121 896 1274 930; x_wconf 84' lang='lat' dir='ltr'><strong>submovit;</strong></span> <span class='ocrx_word' id='word_1_408' title='bbox 1293 904 1345 924; x_wconf 87' lang='lat' dir='ltr'><strong>nec</strong></span> <span class='ocrx_word' id='word_1_409' title='bbox 1358 898 1418 925; x_wconf 85' lang='lat' dir='ltr'><strong>sine</strong></span> <span class='ocrx_word' id='word_1_410' title='bbox 1435 897 1568 926; x_wconf 89' lang='lat' dir='ltr'><strong>conviciis</strong></span> <span class='ocrx_word' id='word_1_411' title='bbox 1589 905 1621 926; x_wconf 86' lang='lat' dir='ltr'><strong>ac</strong></span> <span class='ocrx_word' id='word_1_412' title='bbox 1635 903 1734 926; x_wconf 90' lang='lat' dir='ltr'><strong>contu-</strong></span> 
     </span>
    </p>
   </div>
   <div class='ocr_carea' id='block_1_62' title="bbox 948 941 1737 979">
    <p class='ocr_par' dir='ltr' id='par_1_62' title="bbox 948 941 1737 979">
     <span class='ocr_line' id='line_1_62' title="bbox 948 941 1737 979; baseline 0.006 -11"><span class='ocrx_word' id='word_1_413' title='bbox 948 941 1037 969; x_wconf 89' lang='lat' dir='ltr'><strong>meliis</strong></span> <span class='ocrx_word' id='word_1_414' title='bbox 1051 942 1167 977; x_wconf 79' lang='lat' dir='ltr'><strong>expulit,</strong></span> <span class='ocrx_word' id='word_1_415' title='bbox 1183 943 1263 977; x_wconf 89' lang='lat' dir='ltr'><strong>quasi</strong></span> <span class='ocrx_word' id='word_1_416' title='bbox 1279 950 1350 979; x_wconf 62' lang='lat' dir='ltr'><strong>aegre</strong></span> <span class='ocrx_word' id='word_1_417' title='bbox 1363 951 1395 970; x_wconf 89' lang='lat' dir='ltr'><strong>ac</strong></span> <span class='ocrx_word' id='word_1_418' title='bbox 1409 944 1524 972; x_wconf 81' lang='lat' dir='ltr'><strong>moleste</strong></span> <span class='ocrx_word' id='word_1_419' title='bbox 1536 943 1628 972; x_wconf 81' lang='lat' dir='ltr'><strong>ferens</strong></span> <span class='ocrx_word' id='word_1_420' title='bbox 1643 953 1737 973; x_wconf 89' lang='lat' dir='ltr'><strong>sacer-</strong></span> 
     </span>
    </p>
   </div>
   <div class='ocr_carea' id='block_1_63' title="bbox 947 986 1735 1026">
    <p class='ocr_par' dir='ltr' id='par_1_63' title="bbox 947 986 1735 1026">
     <span class='ocr_line' id='line_1_63' title="bbox 947 986 1735 1026; baseline 0.006 -13"><span class='ocrx_word' id='word_1_421' title='bbox 947 986 1041 1015; x_wconf 86' lang='lat' dir='ltr'><strong>dotem</strong></span> <span class='ocrx_word' id='word_1_422' title='bbox 1056 987 1221 1016; x_wconf 85' lang='lat' dir='ltr'><strong>imitatorem</strong></span> <span class='ocrx_word' id='word_1_423' title='bbox 1247 988 1361 1021; x_wconf 86' lang='lat' dir='ltr'><strong>Christi,</strong></span> <span class='ocrx_word' id='word_1_424' title='bbox 1376 993 1439 1024; x_wconf 78' lang='lat' dir='ltr'><strong>p05t</strong></span> <span class='ocrx_word' id='word_1_425' title='bbox 1454 994 1566 1025; x_wconf 88' lang='lat' dir='ltr'><strong>peccata</strong></span> <span class='ocrx_word' id='word_1_426' title='bbox 1589 991 1735 1026; x_wconf 83' lang='lat' dir='ltr'><strong>quemdam</strong></span> 
     </span>
    </p>
   </div>
   <div class='ocr_carea' id='block_1_64' title="bbox 947 1033 1735 1072">
    <p class='ocr_par' dir='ltr' id='par_1_64' title="bbox 947 1033 1735 1072">
     <span class='ocr_line' id='line_1_64' title="bbox 947 1033 1735 1072; baseline 0.005 -12"><span class='ocrx_word' id='word_1_427' title='bbox 947 1033 1139 1068; x_wconf 74' lang='lat' dir='ltr'><strong>pmnitentiam</strong></span> <span class='ocrx_word' id='word_1_428' title='bbox 1152 1037 1277 1069; x_wconf 83' lang='lat' dir='ltr'><strong>agentem</strong></span> <span class='ocrx_word' id='word_1_429' title='bbox 1294 1034 1450 1068; x_wconf 86' lang='lat' dir='ltr'><strong>admisisse,</strong></span> <span class='ocrx_word' id='word_1_430' title='bbox 1469 1043 1551 1072; x_wconf 86' lang='lat' dir='ltr'><strong>quem</strong></span> <span class='ocrx_word' id='word_1_431' title='bbox 1567 1037 1607 1064; x_wconf 90' lang='lat' dir='ltr'><strong>uti</strong></span> <span class='ocrx_word' id='word_1_432' title='bbox 1621 1037 1735 1072; x_wconf 88' lang='lat' dir='ltr'><strong>impium</strong></span> 
     </span>
    </p>
   </div>
   <div class='ocr_carea' id='block_1_65' title="bbox 948 1079 1737 1117">
    <p class='ocr_par' dir='ltr' id='par_1_65' title="bbox 948 1079 1737 1117">
     <span class='ocr_line' id='line_1_65' title="bbox 948 1079 1737 1117; baseline 0.006 -11"><span class='ocrx_word' id='word_1_433' title='bbox 948 1079 1066 1115; x_wconf 87' lang='lat' dir='ltr'><strong>aliquem</strong></span> <span class='ocrx_word' id='word_1_434' title='bbox 1079 1087 1110 1107; x_wconf 90' lang='lat' dir='ltr'><strong>ac</strong></span> <span class='ocrx_word' id='word_1_435' title='bbox 1119 1080 1286 1108; x_wconf 84' lang='lat' dir='ltr'><strong>scelerosum</strong></span> <span class='ocrx_word' id='word_1_436' title='bbox 1301 1080 1477 1117; x_wconf 89' lang='lat' dir='ltr'><strong>Demophilus</strong></span> <span class='ocrx_word' id='word_1_437' title='bbox 1485 1083 1646 1115; x_wconf 87' lang='lat' dir='ltr'><strong>arbitratus,</strong></span> <span class='ocrx_word' id='word_1_438' title='bbox 1661 1084 1737 1111; x_wconf 83' lang='lat' dir='ltr'><strong>calce</strong></span> 
     </span>
    </p>
   </div>
   <div class='ocr_carea' id='block_1_66' title="bbox 947 1125 1737 1162">
    <p class='ocr_par' dir='ltr' id='par_1_66' title="bbox 947 1125 1737 1162">
     <span class='ocr_line' id='line_1_66' title="bbox 947 1125 1737 1162; baseline 0.006 -11"><span class='ocrx_word' id='word_1_439' title='bbox 947 1125 1100 1160; x_wconf 79' lang='lat' dir='ltr'><strong>expulerat.</strong></span> <span class='ocrx_word' id='word_1_440' title='bbox 1118 1129 1258 1160; x_wconf 86' lang='lat' dir='ltr'><strong>utcunque</strong></span> <span class='ocrx_word' id='word_1_441' title='bbox 1280 1126 1326 1154; x_wconf 89' lang='lat' dir='ltr'><strong>ille</strong></span> <span class='ocrx_word' id='word_1_442' title='bbox 1348 1127 1449 1155; x_wconf 87' lang='lat' dir='ltr'><strong>rubore</strong></span> <span class='ocrx_word' id='word_1_443' title='bbox 1461 1127 1590 1162; x_wconf 82' lang='lat' dir='ltr'><strong>perfusus</strong></span> <span class='ocrx_word' id='word_1_444' title='bbox 1605 1128 1737 1156; x_wconf 81' lang='lat' dir='ltr'><strong>fateretur</strong></span> 
     </span>
    </p>
   </div>
   <div class='ocr_carea' id='block_1_67' title="bbox 948 1170 1736 1210">
    <p class='ocr_par' dir='ltr' id='par_1_67' title="bbox 948 1170 1736 1210">
     <span class='ocr_line' id='line_1_67' title="bbox 948 1170 1736 1210; baseline 0.008 -13"><span class='ocrx_word' id='word_1_445' title='bbox 948 1171 981 1198; x_wconf 89' lang='lat' dir='ltr'><strong>ad</strong></span> <span class='ocrx_word' id='word_1_446' title='bbox 990 1170 1151 1198; x_wconf 86' lang='lat' dir='ltr'><strong>medicinam</strong></span> <span class='ocrx_word' id='word_1_447' title='bbox 1159 1179 1188 1199; x_wconf 91' lang='lat' dir='ltr'><strong>se</strong></span> <span class='ocrx_word' id='word_1_448' title='bbox 1196 1171 1330 1199; x_wconf 84' lang='lat' dir='ltr'><strong>malorum</strong></span> <span class='ocrx_word' id='word_1_449' title='bbox 1341 1173 1502 1207; x_wconf 88' lang='lat' dir='ltr'><strong>accessisse,</strong></span> <span class='ocrx_word' id='word_1_450' title='bbox 1509 1174 1616 1209; x_wconf 88' lang='lat' dir='ltr'><strong>sibique</strong></span> <span class='ocrx_word' id='word_1_451' title='bbox 1629 1175 1736 1210; x_wconf 76' lang='lat' dir='ltr'><strong>ignosci</strong></span> 
     </span>
    </p>
   </div>
   <div class='ocr_carea' id='block_1_68' title="bbox 947 1218 1736 1256">
    <p class='ocr_par' dir='ltr' id='par_1_68' title="bbox 947 1218 1736 1256">
     <span class='ocr_line' id='line_1_68' title="bbox 947 1218 1736 1256; baseline 0.006 -13"><span class='ocrx_word' id='word_1_452' title='bbox 947 1220 1075 1251; x_wconf 81' lang='lat' dir='ltr'><strong>rogaret;</strong></span> <span class='ocrx_word' id='word_1_453' title='bbox 1091 1224 1208 1251; x_wconf 89' lang='lat' dir='ltr'><strong>cumque</strong></span> <span class='ocrx_word' id='word_1_454' title='bbox 1223 1218 1422 1253; x_wconf 82' lang='lat' dir='ltr'><strong>prorsusillum</strong></span> <span class='ocrx_word' id='word_1_455' title='bbox 1433 1219 1589 1254; x_wconf 88' lang='lat' dir='ltr'><strong>repulisset,</strong></span> <span class='ocrx_word' id='word_1_456' title='bbox 1606 1228 1736 1256; x_wconf 85' lang='lat' dir='ltr'><strong>magnum</strong></span> 
     </span>
    </p>
   </div>
   <div class='ocr_carea' id='block_1_69' title="bbox 947 1262 1736 1303">
    <p class='ocr_par' dir='ltr' id='par_1_69' title="bbox 947 1262 1736 1303">
     <span class='ocr_line' id='line_1_69' title="bbox 947 1262 1736 1303; baseline 0.008 -14"><span class='ocrx_word' id='word_1_457' title='bbox 947 1262 1078 1297; x_wconf 84' lang='lat' dir='ltr'><strong>quiddam</strong></span> <span class='ocrx_word' id='word_1_458' title='bbox 1094 1263 1146 1291; x_wconf 90' lang='lat' dir='ltr'><strong>sibi</strong></span> <span class='ocrx_word' id='word_1_459' title='bbox 1163 1264 1240 1292; x_wconf 88' lang='lat' dir='ltr'><strong>visus</strong></span> <span class='ocrx_word' id='word_1_460' title='bbox 1261 1267 1304 1292; x_wconf 86' lang='lat' dir='ltr'><strong>est</strong></span> <span class='ocrx_word' id='word_1_461' title='bbox 1321 1265 1494 1299; x_wconf 64' lang='lat' dir='ltr'><strong>prastitisse.</strong></span> <span class='ocrx_word' id='word_1_462' title='bbox 1521 1266 1616 1301; x_wconf 85' lang='lat' dir='ltr'><strong>itaque</strong></span> <span class='ocrx_word' id='word_1_463' title='bbox 1631 1268 1736 1303; x_wconf 78' lang='lat' dir='ltr'><strong>magni—</strong></span> 
     </span>
    </p>
   </div>
   <div class='ocr_carea' id='block_1_70' title="bbox 949 1308 1737 1347">
    <p class='ocr_par' dir='ltr' id='par_1_70' title="bbox 949 1308 1737 1347">
     <span class='ocr_line' id='line_1_70' title="bbox 949 1308 1737 1347; baseline 0.008 -12"><span class='ocrx_word' id='word_1_464' title='bbox 949 1308 999 1336; x_wconf 82' lang='lat' dir='ltr'><strong>ﬁce</strong></span> <span class='ocrx_word' id='word_1_465' title='bbox 1015 1309 1137 1344; x_wconf 82' lang='lat' dir='ltr'><strong>glorians</strong></span> <span class='ocrx_word' id='word_1_466' title='bbox 1160 1310 1281 1337; x_wconf 84' lang='lat' dir='ltr'><strong>maximo</strong></span> <span class='ocrx_word' id='word_1_467' title='bbox 1304 1311 1409 1346; x_wconf 90' lang='lat' dir='ltr'><strong>pastori</strong></span> <span class='ocrx_word' id='word_1_468' title='bbox 1425 1318 1486 1347; x_wconf 72' lang='lat' dir='ltr'><strong>quae</strong></span> <span class='ocrx_word' id='word_1_469' title='bbox 1509 1316 1620 1347; x_wconf 86' lang='lat' dir='ltr'><strong>peracta</strong></span> <span class='ocrx_word' id='word_1_470' title='bbox 1643 1316 1737 1341; x_wconf 76' lang='lat' dir='ltr'><strong>essent</strong></span> 
     </span>
    </p>
   </div>
   <div class='ocr_carea' id='block_1_71' title="bbox 947 1354 1736 1391">
    <p class='ocr_par' dir='ltr' id='par_1_71' title="bbox 947 1354 1736 1391">
     <span class='ocr_line' id='line_1_71' title="bbox 947 1354 1736 1391; baseline 0.009 -12"><span class='ocrx_word' id='word_1_471' title='bbox 947 1354 1143 1386; x_wconf 83' lang='lat' dir='ltr'><strong>communicat,</strong></span> <span class='ocrx_word' id='word_1_472' title='bbox 1160 1354 1193 1381; x_wconf 91' lang='lat' dir='ltr'><strong>ad</strong></span> <span class='ocrx_word' id='word_1_473' title='bbox 1208 1362 1289 1389; x_wconf 89' lang='lat' dir='ltr'><strong>quem</strong></span> <span class='ocrx_word' id='word_1_474' title='bbox 1304 1356 1447 1391; x_wconf 85' lang='lat' dir='ltr'><strong>epistolam</strong></span> <span class='ocrx_word' id='word_1_475' title='bbox 1462 1356 1536 1384; x_wconf 85' lang='lat' dir='ltr'><strong>illam</strong></span> <span class='ocrx_word' id='word_1_476' title='bbox 1550 1358 1669 1386; x_wconf 80' lang='lat' dir='ltr'><strong>maxime</strong></span> <span class='ocrx_word' id='word_1_477' title='bbox 1683 1359 1736 1386; x_wconf 91' lang='lat' dir='ltr'><strong>uti-</strong></span> 
     </span>
    </p>
   </div>
   <div class='ocr_carea' id='block_1_72' title="bbox 948 1398 1736 1440">
    <p class='ocr_par' dir='ltr' id='par_1_72' title="bbox 948 1398 1736 1440">
     <span class='ocr_line' id='line_1_72' title="bbox 948 1398 1736 1440; baseline 0.008 -14"><span class='ocrx_word' id='word_1_478' title='bbox 948 1398 1012 1431; x_wconf 88' lang='lat' dir='ltr'><strong>lem,</strong></span> <span class='ocrx_word' id='word_1_479' title='bbox 1024 1406 1057 1427; x_wconf 87' lang='lat' dir='ltr'><strong>ac</strong></span> <span class='ocrx_word' id='word_1_480' title='bbox 1070 1400 1312 1435; x_wconf 82' lang='lat' dir='ltr'><strong>sapientissimam,</strong></span> <span class='ocrx_word' id='word_1_481' title='bbox 1337 1403 1411 1430; x_wconf 90' lang='lat' dir='ltr'><strong>omni</strong></span> <span class='ocrx_word' id='word_1_482' title='bbox 1426 1403 1527 1431; x_wconf 85' lang='lat' dir='ltr'><strong>virtute</strong></span> <span class='ocrx_word' id='word_1_483' title='bbox 1545 1411 1578 1431; x_wconf 93' lang='lat' dir='ltr'><strong>ac</strong></span> <span class='ocrx_word' id='word_1_484' title='bbox 1590 1404 1736 1440; x_wconf 79' lang='lat' dir='ltr'><strong>disciplina</strong></span> 
     </span>
    </p>
   </div>
   <div class='ocr_carea' id='block_1_73' title="bbox 948 1443 1736 1483">
    <p class='ocr_par' dir='ltr' id='par_1_73' title="bbox 948 1443 1736 1483">
     <span class='ocr_line' id='line_1_73' title="bbox 948 1443 1736 1483; baseline 0.009 -13"><span class='ocrx_word' id='word_1_485' title='bbox 948 1443 1077 1471; x_wconf 80' lang='lat' dir='ltr'><strong>refertam</strong></span> <span class='ocrx_word' id='word_1_486' title='bbox 1089 1444 1132 1471; x_wconf 91' lang='lat' dir='ltr'><strong>vir</strong></span> <span class='ocrx_word' id='word_1_487' title='bbox 1151 1445 1341 1474; x_wconf 85' lang='lat' dir='ltr'><strong>divinissimus</strong></span> <span class='ocrx_word' id='word_1_488' title='bbox 1356 1447 1478 1482; x_wconf 89' lang='lat' dir='ltr'><strong>scripsit,</strong></span> <span class='ocrx_word' id='word_1_489' title='bbox 1494 1455 1547 1483; x_wconf 89' lang='lat' dir='ltr'><strong>qua</strong></span> <span class='ocrx_word' id='word_1_490' title='bbox 1561 1448 1736 1478; x_wconf 85' lang='lat' dir='ltr'><strong>inenarrabi—</strong></span> 
     </span>
    </p>
   </div>
   <div class='ocr_carea' id='block_1_74' title="bbox 948 1490 1736 1527">
    <p class='ocr_par' dir='ltr' id='par_1_74' title="bbox 948 1490 1736 1527">
     <span class='ocr_line' id='line_1_74' title="bbox 948 1490 1736 1527; baseline 0.006 -9"><span class='ocrx_word' id='word_1_491' title='bbox 948 1490 1002 1519; x_wconf 87' lang='lat' dir='ltr'><strong>lem</strong></span> <span class='ocrx_word' id='word_1_492' title='bbox 1017 1492 1208 1527; x_wconf 81' lang='lat' dir='ltr'><strong>benignissimi</strong></span> <span class='ocrx_word' id='word_1_493' title='bbox 1234 1493 1341 1521; x_wconf 88' lang='lat' dir='ltr'><strong>Domini</strong></span> <span class='ocrx_word' id='word_1_494' title='bbox 1355 1495 1443 1523; x_wconf 84' lang='lat' dir='ltr'><strong>nostri</strong></span> <span class='ocrx_word' id='word_1_495' title='bbox 1458 1494 1523 1523; x_wconf 80' lang='lat' dir='ltr'><strong>Jesu</strong></span> <span class='ocrx_word' id='word_1_496' title='bbox 1537 1494 1641 1523; x_wconf 88' lang='lat' dir='ltr'><strong>Christi</strong></span> <span class='ocrx_word' id='word_1_497' title='bbox 1662 1495 1736 1524; x_wconf 80' lang='lat' dir='ltr'><strong>circa</strong></span> 
     </span>
    </p>
   </div>
   <div class='ocr_carea' id='block_1_75' title="bbox 947 1538 1735 1576">
    <p class='ocr_par' dir='ltr' id='par_1_75' title="bbox 947 1538 1735 1576">
     <span class='ocr_line' id='line_1_75' title="bbox 947 1538 1735 1576; baseline 0.005 -12"><span class='ocrx_word' id='word_1_498' title='bbox 947 1544 1011 1568; x_wconf 74' lang='lat' dir='ltr'><strong>nos,</strong></span> <span class='ocrx_word' id='word_1_499' title='bbox 1030 1538 1181 1572; x_wconf 74' lang='lat' dir='ltr'><strong>prmsertim</strong></span> <span class='ocrx_word' id='word_1_500' title='bbox 1206 1539 1397 1573; x_wconf 71' lang='lat' dir='ltr'><strong>pmnitentiam</strong></span> <span class='ocrx_word' id='word_1_501' title='bbox 1423 1544 1547 1576; x_wconf 84' lang='lat' dir='ltr'><strong>agentes,</strong></span> <span class='ocrx_word' id='word_1_502' title='bbox 1573 1540 1735 1568; x_wconf 53' lang='lat' dir='ltr'><strong>misericors:</strong></span> 
     </span>
    </p>
   </div>
   <div class='ocr_carea' id='block_1_76' title="bbox 948 1583 1735 1621">
    <p class='ocr_par' dir='ltr' id='par_1_76' title="bbox 948 1583 1735 1621">
     <span class='ocr_line' id='line_1_76' title="bbox 948 1583 1735 1621; baseline 0.005 -10"><span class='ocrx_word' id='word_1_503' title='bbox 948 1583 1033 1616; x_wconf 85' lang='lat' dir='ltr'><strong>diam,</strong></span> <span class='ocrx_word' id='word_1_504' title='bbox 1047 1589 1074 1612; x_wconf 89' lang='lat' dir='ltr'><strong>ct</strong></span> <span class='ocrx_word' id='word_1_505' title='bbox 1090 1592 1167 1612; x_wconf 86' lang='lat' dir='ltr'><strong>suam</strong></span> <span class='ocrx_word' id='word_1_506' title='bbox 1182 1585 1268 1621; x_wconf 82' lang='lat' dir='ltr'><strong>ipsius</strong></span> <span class='ocrx_word' id='word_1_507' title='bbox 1281 1585 1343 1614; x_wconf 84' lang='lat' dir='ltr'><strong>‘Deo</strong></span> <span class='ocrx_word' id='word_1_508' title='bbox 1370 1586 1488 1615; x_wconf 83' lang='lat' dir='ltr'><strong>similem</strong></span> <span class='ocrx_word' id='word_1_509' title='bbox 1516 1587 1735 1615; x_wconf 88' lang='lat' dir='ltr'><strong>commiseratio-</strong></span> 
     </span>
    </p>
   </div>
   <div class='ocr_carea' id='block_1_77' title="bbox 948 1631 1736 1664">
    <p class='ocr_par' dir='ltr' id='par_1_77' title="bbox 948 1631 1736 1664">
     <span class='ocr_line' id='line_1_77' title="bbox 948 1631 1736 1664; baseline 0.003 -7"><span class='ocrx_word' id='word_1_510' title='bbox 948 1638 1011 1658; x_wconf 85' lang='lat' dir='ltr'><strong>nem</strong></span> <span class='ocrx_word' id='word_1_511' title='bbox 1024 1631 1184 1664; x_wconf 82' lang='lat' dir='ltr'><strong>declaravit,</strong></span> <span class='ocrx_word' id='word_1_512' title='bbox 1202 1631 1340 1660; x_wconf 87' lang='lat' dir='ltr'><strong>horrenda</strong></span> <span class='ocrx_word' id='word_1_513' title='bbox 1360 1632 1477 1660; x_wconf 84' lang='lat' dir='ltr'><strong>historia</strong></span> <span class='ocrx_word' id='word_1_514' title='bbox 1492 1632 1520 1660; x_wconf 92' lang='lat' dir='ltr'><strong>in</strong></span> <span class='ocrx_word' id='word_1_515' title='bbox 1533 1632 1652 1660; x_wconf 91' lang='lat' dir='ltr'><strong>medium</strong></span> <span class='ocrx_word' id='word_1_516' title='bbox 1668 1633 1736 1660; x_wconf 86' lang='lat' dir='ltr'><strong>alla-</strong></span> 
     </span>
    </p>
   </div>
   <div class='ocr_carea' id='block_1_78' title="bbox 947 1678 1735 1718">
    <p class='ocr_par' dir='ltr' id='par_1_78' title="bbox 947 1678 1735 1718">
     <span class='ocr_line' id='line_1_78' title="bbox 947 1678 1735 1718; baseline 0.004 -14"><span class='ocrx_word' id='word_1_517' title='bbox 947 1681 987 1709; x_wconf 78' lang='lat' dir='ltr'><strong>ta,</strong></span> <span class='ocrx_word' id='word_1_518' title='bbox 999 1684 1080 1712; x_wconf 88' lang='lat' dir='ltr'><strong>quam</strong></span> <span class='ocrx_word' id='word_1_519' title='bbox 1092 1678 1182 1711; x_wconf 83' lang='lat' dir='ltr'><strong>vobis,</strong></span> <span class='ocrx_word' id='word_1_520' title='bbox 1198 1678 1246 1713; x_wconf 93' lang='lat' dir='ltr'><strong>qui</strong></span> <span class='ocrx_word' id='word_1_521' title='bbox 1259 1678 1362 1714; x_wconf 80' lang='lat' dir='ltr'><strong>ingenti</strong></span> <span class='ocrx_word' id='word_1_522' title='bbox 1376 1679 1460 1706; x_wconf 91' lang='lat' dir='ltr'><strong>animi</strong></span> <span class='ocrx_word' id='word_1_523' title='bbox 1475 1679 1662 1718; x_wconf 50' lang='lat' dir='ltr'><strong>ardore&#39;gesta</strong></span> <span class='ocrx_word' id='word_1_524' title='bbox 1675 1679 1735 1707; x_wconf 76' lang='lat' dir='ltr'><strong>lett-</strong></span> 
     </span>
    </p>
   </div>
   <div class='ocr_carea' id='block_1_79' title="bbox 947 1723 1735 1760">
    <p class='ocr_par' dir='ltr' id='par_1_79' title="bbox 947 1723 1735 1760">
     <span class='ocr_line' id='line_1_79' title="bbox 947 1723 1735 1760; baseline 0.004 -10"><span class='ocrx_word' id='word_1_525' title='bbox 947 1723 1083 1751; x_wconf 88' lang='lat' dir='ltr'><strong>datissimi</strong></span> <span class='ocrx_word' id='word_1_526' title='bbox 1103 1724 1192 1752; x_wconf 81' lang='lat' dir='ltr'><strong>Patris</strong></span> <span class='ocrx_word' id='word_1_527' title='bbox 1217 1725 1335 1760; x_wconf 88' lang='lat' dir='ltr'><strong>gloriosa</strong></span> <span class='ocrx_word' id='word_1_528' title='bbox 1350 1725 1467 1752; x_wconf 81' lang='lat' dir='ltr'><strong>libenter</strong></span> <span class='ocrx_word' id='word_1_529' title='bbox 1480 1725 1576 1753; x_wconf 88' lang='lat' dir='ltr'><strong>audire</strong></span> <span class='ocrx_word' id='word_1_530' title='bbox 1590 1726 1735 1753; x_wconf 83' lang='lat' dir='ltr'><strong>consuevi-</strong></span> 
     </span>
    </p>
   </div>
   <div class='ocr_carea' id='block_1_80' title="bbox 947 1769 1186 1805">
    <p class='ocr_par' dir='ltr' id='par_1_80' title="bbox 947 1769 1186 1805">
     <span class='ocr_line' id='line_1_80' title="bbox 947 1769 1186 1805; baseline 0.004 -8"><span class='ocrx_word' id='word_1_531' title='bbox 947 1769 1009 1801; x_wconf 77' lang='lat' dir='ltr'><strong>stis,</strong></span> <span class='ocrx_word' id='word_1_532' title='bbox 1025 1777 1186 1805; x_wconf 86' lang='lat' dir='ltr'><strong>proponam.</strong></span> 
     </span>
    </p>
   </div>
   <div class='ocr_carea' id='block_1_81' title="bbox 984 1813 1734 1851">
    <p class='ocr_par' dir='ltr' id='par_1_81' title="bbox 984 1813 1734 1851">
     <span class='ocr_line' id='line_1_81' title="bbox 984 1813 1734 1851; baseline 0.001 -10"><span class='ocrx_word' id='word_1_533' title='bbox 984 1813 1013 1841; x_wconf 90' lang='lat' dir='ltr'><strong>Si</strong></span> <span class='ocrx_word' id='word_1_534' title='bbox 1029 1815 1094 1842; x_wconf 80' lang='lat' dir='ltr'><strong>libet</strong></span> <span class='ocrx_word' id='word_1_535' title='bbox 1119 1814 1229 1850; x_wconf 90' lang='lat' dir='ltr'><strong>(inquit)</strong></span> <span class='ocrx_word' id='word_1_536' title='bbox 1258 1815 1378 1843; x_wconf 89' lang='lat' dir='ltr'><strong>divinam</strong></span> <span class='ocrx_word' id='word_1_537' title='bbox 1406 1816 1493 1843; x_wconf 89' lang='lat' dir='ltr'><strong>sancti</strong></span> <span class='ocrx_word' id='word_1_538' title='bbox 1522 1815 1666 1851; x_wconf 86' lang='lat' dir='ltr'><strong>cujusdam</strong></span> <span class='ocrx_word' id='word_1_539' title='bbox 1681 1815 1734 1844; x_wconf 82' lang='lat' dir='ltr'><strong>viri</strong></span> 
     </span>
    </p>
   </div>
   <div class='ocr_carea' id='block_1_82' title="bbox 947 1860 1735 1896">
    <p class='ocr_par' dir='ltr' id='par_1_82' title="bbox 947 1860 1735 1896">
     <span class='ocr_line' id='line_1_82' title="bbox 947 1860 1735 1896; baseline 0.001 -9"><span class='ocrx_word' id='word_1_540' title='bbox 947 1860 1080 1888; x_wconf 85' lang='lat' dir='ltr'><strong>visionem</strong></span> <span class='ocrx_word' id='word_1_541' title='bbox 1105 1861 1274 1894; x_wconf 89' lang='lat' dir='ltr'><strong>memorabo,</strong></span> <span class='ocrx_word' id='word_1_542' title='bbox 1289 1867 1378 1896; x_wconf 88' lang='lat' dir='ltr'><strong>neque</strong></span> <span class='ocrx_word' id='word_1_543' title='bbox 1407 1860 1567 1890; x_wconf 86' lang='lat' dir='ltr'><strong>irriseritis:</strong></span> <span class='ocrx_word' id='word_1_544' title='bbox 1581 1868 1646 1890; x_wconf 86' lang='lat' dir='ltr'><strong>vera</strong></span> <span class='ocrx_word' id='word_1_545' title='bbox 1660 1860 1735 1889; x_wconf 89' lang='lat' dir='ltr'><strong>enim</strong></span> 
     </span>
    </p>
   </div>
   <div class='ocr_carea' id='block_1_83' title="bbox 947 1906 1736 1943">
    <p class='ocr_par' dir='ltr' id='par_1_83' title="bbox 947 1906 1736 1943">
     <span class='ocr_line' id='line_1_83' title="bbox 947 1906 1736 1943; baseline 0 -9"><span class='ocrx_word' id='word_1_546' title='bbox 947 1907 1047 1934; x_wconf 87' lang='lat' dir='ltr'><strong>dicam.</strong></span> <span class='ocrx_word' id='word_1_547' title='bbox 1065 1906 1133 1934; x_wconf 90' lang='lat' dir='ltr'><strong>Cum</strong></span> <span class='ocrx_word' id='word_1_548' title='bbox 1149 1907 1296 1942; x_wconf 85' lang='lat' dir='ltr'><strong>aliquando</strong></span> <span class='ocrx_word' id='word_1_549' title='bbox 1308 1907 1417 1936; x_wconf 86' lang='lat' dir='ltr'><strong>Cretam</strong></span> <span class='ocrx_word' id='word_1_550' title='bbox 1433 1907 1611 1943; x_wconf 89' lang='lat' dir='ltr'><strong>appulissem,</strong></span> <span class='ocrx_word' id='word_1_551' title='bbox 1626 1906 1655 1935; x_wconf 89' lang='lat' dir='ltr'><strong>S.</strong></span> <span class='ocrx_word' id='word_1_552' title='bbox 1669 1907 1736 1935; x_wconf 88' lang='lat' dir='ltr'><strong>Car-</strong></span> 
     </span>
    </p>
   </div>
   <div class='ocr_carea' id='block_1_84' title="bbox 946 1952 1735 1989">
    <p class='ocr_par' dir='ltr' id='par_1_84' title="bbox 946 1952 1735 1989">
     <span class='ocr_line' id='line_1_84' title="bbox 946 1952 1735 1989; baseline 0.001 -9"><span class='ocrx_word' id='word_1_553' title='bbox 946 1952 1124 1988; x_wconf 87' lang='lat' dir='ltr'><strong>pushospitio</strong></span> <span class='ocrx_word' id='word_1_554' title='bbox 1133 1953 1315 1989; x_wconf 85' lang='lat' dir='ltr'><strong>mesuscepit.</strong></span> <span class='ocrx_word' id='word_1_555' title='bbox 1329 1954 1383 1986; x_wconf 84' lang='lat' dir='ltr'><strong>vir,</strong></span> <span class='ocrx_word' id='word_1_556' title='bbox 1404 1953 1428 1982; x_wconf 89' lang='lat' dir='ltr'><strong>si</strong></span> <span class='ocrx_word' id='word_1_557' title='bbox 1443 1954 1588 1989; x_wconf 89' lang='lat' dir='ltr'><strong>quisquam</strong></span> <span class='ocrx_word' id='word_1_558' title='bbox 1603 1954 1683 1986; x_wconf 89' lang='lat' dir='ltr'><strong>alius,</strong></span> <span class='ocrx_word' id='word_1_559' title='bbox 1697 1954 1735 1981; x_wconf 86' lang='lat' dir='ltr'><strong>ob</strong></span> 
     </span>
    </p>
   </div>
   <div class='ocr_carea' id='block_1_85' title="bbox 947 1998 1735 2035">
    <p class='ocr_par' dir='ltr' id='par_1_85' title="bbox 947 1998 1735 2035">
     <span class='ocr_line' id='line_1_85' title="bbox 947 1998 1735 2035; baseline 0.003 -9"><span class='ocrx_word' id='word_1_560' title='bbox 947 1998 1084 2034; x_wconf 80' lang='lat' dir='ltr'><strong>ingentem</strong></span> <span class='ocrx_word' id='word_1_561' title='bbox 1101 1999 1187 2026; x_wconf 90' lang='lat' dir='ltr'><strong>animi</strong></span> <span class='ocrx_word' id='word_1_562' title='bbox 1204 2000 1351 2035; x_wconf 86' lang='lat' dir='ltr'><strong>puritatem</strong></span> <span class='ocrx_word' id='word_1_563' title='bbox 1374 2000 1475 2028; x_wconf 88' lang='lat' dir='ltr'><strong>divinis</strong></span> <span class='ocrx_word' id='word_1_564' title='bbox 1499 1999 1735 2035; x_wconf 77' lang='lat' dir='ltr'><strong>speculationibus</strong></span> 
     </span>
    </p>
   </div>
   <div class='ocr_carea' id='block_1_86' title="bbox 947 2044 1735 2081">
    <p class='ocr_par' dir='ltr' id='par_1_86' title="bbox 947 2044 1735 2081">
     <span class='ocr_line' id='line_1_86' title="bbox 947 2044 1735 2081; baseline 0.003 -10"><span class='ocrx_word' id='word_1_565' title='bbox 947 2044 1124 2080; x_wconf 88' lang='lat' dir='ltr'><strong>aptissimus:</strong></span> <span class='ocrx_word' id='word_1_566' title='bbox 1143 2045 1190 2080; x_wconf 90' lang='lat' dir='ltr'><strong>qui</strong></span> <span class='ocrx_word' id='word_1_567' title='bbox 1213 2053 1263 2073; x_wconf 90' lang='lat' dir='ltr'><strong>nec</strong></span> <span class='ocrx_word' id='word_1_568' title='bbox 1288 2053 1354 2073; x_wconf 85' lang='lat' dir='ltr'><strong>sane</strong></span> <span class='ocrx_word' id='word_1_569' title='bbox 1379 2047 1454 2081; x_wconf 89' lang='lat' dir='ltr'><strong>prius</strong></span> <span class='ocrx_word' id='word_1_570' title='bbox 1477 2050 1573 2074; x_wconf 85' lang='lat' dir='ltr'><strong>sancta</strong></span> <span class='ocrx_word' id='word_1_571' title='bbox 1588 2045 1735 2081; x_wconf 58' lang='lat' dir='ltr'><strong>mysterioa</strong></span> 
     </span>
    </p>
   </div>
   <div class='ocr_carea' id='block_1_87' title="bbox 946 2091 1734 2127">
    <p class='ocr_par' dir='ltr' id='par_1_87' title="bbox 946 2091 1734 2127">
     <span class='ocr_line' id='line_1_87' title="bbox 946 2091 1734 2127; baseline 0.001 -9"><span class='ocrx_word' id='word_1_572' title='bbox 946 2099 1007 2118; x_wconf 87' lang='lat' dir='ltr'><strong>rum</strong></span> <span class='ocrx_word' id='word_1_573' title='bbox 1029 2091 1166 2119; x_wconf 82' lang='lat' dir='ltr'><strong>sacriﬁcia</strong></span> <span class='ocrx_word' id='word_1_574' title='bbox 1189 2092 1410 2127; x_wconf 81' lang='lat' dir='ltr'><strong>aggrediebatur,</strong></span> <span class='ocrx_word' id='word_1_575' title='bbox 1435 2100 1516 2127; x_wconf 85' lang='lat' dir='ltr'><strong>quam</strong></span> <span class='ocrx_word' id='word_1_576' title='bbox 1539 2092 1610 2120; x_wconf 90' lang='lat' dir='ltr'><strong>inter</strong></span> <span class='ocrx_word' id='word_1_577' title='bbox 1629 2092 1734 2127; x_wconf 84' lang='lat' dir='ltr'><strong>primas</strong></span> 
     </span>
    </p>
   </div>
   <div class='ocr_carea' id='block_1_88' title="bbox 946 2134 1734 2173">
    <p class='ocr_par' dir='ltr' id='par_1_88' title="bbox 946 2134 1734 2173">
     <span class='ocr_line' id='line_1_88' title="bbox 946 2134 1734 2173; baseline 0 -8"><span class='ocrx_word' id='word_1_578' title='bbox 946 2145 1051 2172; x_wconf 86' lang='lat' dir='ltr'><strong>preces,</strong></span> <span class='ocrx_word' id='word_1_579' title='bbox 1067 2145 1128 2173; x_wconf 76' lang='lat' dir='ltr'><strong>qua:</strong></span> <span class='ocrx_word' id='word_1_580' title='bbox 1145 2142 1208 2165; x_wconf 88' lang='lat' dir='ltr'><strong>ante</strong></span> <span class='ocrx_word' id='word_1_581' title='bbox 1228 2138 1393 2166; x_wconf 81' lang='lat' dir='ltr'><strong>sacriﬁcium</strong></span> <span class='ocrx_word' id='word_1_582' title='bbox 1408 2142 1587 2173; x_wconf 81' lang='lat' dir='ltr'><strong>peraguntur,</strong></span> <span class='ocrx_word' id='word_1_583' title='bbox 1600 2145 1677 2166; x_wconf 86' lang='lat' dir='ltr'><strong>sacra</strong></span> <span class='ocrx_word' id='word_1_584' title='bbox 1693 2134 1734 2166; x_wconf 82' lang='lat' dir='ltr'><strong>illi</strong></span> 
     </span>
    </p>
   </div>
   <div class='ocr_carea' id='block_1_89' title="bbox 946 2183 1733 2219">
    <p class='ocr_par' dir='ltr' id='par_1_89' title="bbox 946 2183 1733 2219">
     <span class='ocr_line' id='line_1_89' title="bbox 946 2183 1733 2219; baseline 0 -9"><span class='ocrx_word' id='word_1_585' title='bbox 946 2190 977 2211; x_wconf 86' lang='lat' dir='ltr'><strong>ac</strong></span> <span class='ocrx_word' id='word_1_586' title='bbox 990 2184 1108 2219; x_wconf 83' lang='lat' dir='ltr'><strong>propitia</strong></span> <span class='ocrx_word' id='word_1_587' title='bbox 1118 2184 1187 2211; x_wconf 85' lang='lat' dir='ltr'><strong>visio</strong></span> <span class='ocrx_word' id='word_1_588' title='bbox 1199 2184 1380 2219; x_wconf 84' lang='lat' dir='ltr'><strong>apparuisset.</strong></span> <span class='ocrx_word' id='word_1_589' title='bbox 1399 2184 1491 2219; x_wconf 88' lang='lat' dir='ltr'><strong>Ipsum</strong></span> <span class='ocrx_word' id='word_1_590' title='bbox 1507 2183 1592 2219; x_wconf 77' lang='lat' dir='ltr'><strong>igitur</strong></span> <span class='ocrx_word' id='word_1_591' title='bbox 1603 2183 1644 2219; x_wconf 94' lang='lat' dir='ltr'><strong>(ut</strong></span> <span class='ocrx_word' id='word_1_592' title='bbox 1660 2183 1733 2211; x_wconf 89' lang='lat' dir='ltr'><strong>idem</strong></span> 
     </span>
    </p>
   </div>
   <div class='ocr_carea' id='block_1_90' title="bbox 945 2228 1733 2266">
    <p class='ocr_par' dir='ltr' id='par_1_90' title="bbox 945 2228 1733 2266">
     <span class='ocr_line' id='line_1_90' title="bbox 945 2228 1733 2266; baseline -0.001 -9"><span class='ocrx_word' id='word_1_593' title='bbox 945 2230 1046 2266; x_wconf 86' lang='lat' dir='ltr'><strong>aiebat)</strong></span> <span class='ocrx_word' id='word_1_594' title='bbox 1062 2230 1180 2258; x_wconf 88' lang='lat' dir='ltr'><strong>inlidelis</strong></span> <span class='ocrx_word' id='word_1_595' title='bbox 1193 2230 1304 2265; x_wconf 88' lang='lat' dir='ltr'><strong>quidam</strong></span> <span class='ocrx_word' id='word_1_596' title='bbox 1319 2229 1432 2257; x_wconf 88' lang='lat' dir='ltr'><strong>tristitia</strong></span> <span class='ocrx_word' id='word_1_597' title='bbox 1452 2228 1580 2257; x_wconf 83' lang='lat' dir='ltr'><strong>all&#39;ecerat</strong></span> <span class='ocrx_word' id='word_1_598' title='bbox 1593 2237 1599 2256; x_wconf 87' lang='lat'><strong>:</strong></span> <span class='ocrx_word' id='word_1_599' title='bbox 1620 2229 1733 2257; x_wconf 87' lang='lat' dir='ltr'><strong>tristitia</strong></span> 
     </span>
    </p>
   </div>
   <div class='ocr_carea' id='block_1_91' title="bbox 100 2273 896 2312">
    <p class='ocr_par' dir='ltr' id='par_1_91' title="bbox 100 2274 893 2312">
     <span class='ocr_line' id='line_1_91' title="bbox 100 2274 893 2312; baseline 0 -9"><span class='ocrx_word' id='word_1_600' title='bbox 100 2276 221 2311; x_wconf 83' lang='grc' dir='ltr'>κλησίας</span> <span class='ocrx_word' id='word_1_601' title='bbox 244 2275 345 2308; x_wconf 77' lang='grc' dir='ltr'>ἐκεῖνός</span> <span class='ocrx_word' id='word_1_602' title='bbox 369 2283 430 2303; x_wconf 90' lang='grc' dir='ltr'>τινα</span> <span class='ocrx_word' id='word_1_603' title='bbox 444 2274 512 2312; x_wconf 74' lang='grc' dir='ltr'>πρὸς</span> <span class='ocrx_word' id='word_1_604' title='bbox 530 2276 561 2302; x_wconf 81' lang='grc' dir='ltr'>τὸ</span> <span class='ocrx_word' id='word_1_605' title='bbox 585 2276 663 2303; x_wconf 82' lang='grc' dir='ltr'>ἄθεον</span> <span class='ocrx_word' id='word_1_606' title='bbox 680 2275 893 2312; x_wconf 81' lang='grc' dir='ltr'>ἀπεπλάνησεν·)</span> 
     </span>
    </p>
   </div>
   <div class='ocr_carea' id='block_1_92' title="bbox 947 2273 1733 2312">
    <p class='ocr_par' dir='ltr' id='par_1_92' title="bbox 947 2273 1733 2311">
     <span class='ocr_line' id='line_1_92' title="bbox 947 2273 1733 2311; baseline 0.001 -8"><span class='ocrx_word' id='word_1_607' title='bbox 947 2280 1036 2304; x_wconf 86' lang='lat' dir='ltr'><strong>autem</strong></span> <span class='ocrx_word' id='word_1_608' title='bbox 1054 2276 1111 2304; x_wconf 65' lang='lat' dir='ltr'><strong>haec</strong></span> <span class='ocrx_word' id='word_1_609' title='bbox 1123 2280 1193 2308; x_wconf 86' lang='lat' dir='ltr'><strong>erat,</strong></span> <span class='ocrx_word' id='word_1_610' title='bbox 1210 2275 1283 2311; x_wconf 91' lang='lat' dir='ltr'><strong>quod</strong></span> <span class='ocrx_word' id='word_1_611' title='bbox 1294 2273 1340 2303; x_wconf 74' lang='lat' dir='ltr'><strong>ille</strong></span> <span class='ocrx_word' id='word_1_612' title='bbox 1355 2275 1498 2310; x_wconf 90' lang='lat' dir='ltr'><strong>quemdam</strong></span> <span class='ocrx_word' id='word_1_613' title='bbox 1513 2275 1548 2303; x_wconf 86' lang='lat' dir='ltr'><strong>ab</strong></span> <span class='ocrx_word' id='word_1_614' title='bbox 1558 2275 1682 2303; x_wconf 81' lang='lat' dir='ltr'><strong>Ecclesia</strong></span> <span class='ocrx_word' id='word_1_615' title='bbox 1698 2280 1733 2304; x_wconf 85' lang='lat' dir='ltr'><strong>ad</strong></span> 
     </span>
    </p>
   </div>
   <div class='ocr_carea' id='block_1_93' title="bbox 99 2321 894 2358">
    <p class='ocr_par' dir='ltr' id='par_1_93' title="bbox 99 2321 894 2358">
     <span class='ocr_line' id='line_1_93' title="bbox 99 2321 894 2358; baseline -0.001 -8"><span class='ocrx_word' id='word_1_616' title='bbox 99 2323 147 2350; x_wconf 84' lang='grc' dir='ltr'><strong>ετι</strong></span> <span class='ocrx_word' id='word_1_617' title='bbox 159 2322 214 2350; x_wconf 87' lang='grc' dir='ltr'><strong>τῶν</strong></span> <span class='ocrx_word' id='word_1_618' title='bbox 226 2322 336 2358; x_wconf 85' lang='grc' dir='ltr'>ἱλαρίων</span> <span class='ocrx_word' id='word_1_619' title='bbox 349 2321 458 2358; x_wconf 81' lang='grc' dir='ltr'>ἡμερῶν</span> <span class='ocrx_word' id='word_1_620' title='bbox 479 2321 555 2357; x_wconf 80' lang='grc' dir='ltr'>αύτῷ</span> <span class='ocrx_word' id='word_1_621' title='bbox 577 2321 755 2357; x_wconf 80' lang='grc' dir='ltr'>τελουμένων,</span> <span class='ocrx_word' id='word_1_622' title='bbox 769 2322 828 2350; x_wconf 83' lang='grc' dir='ltr'>δέον</span> <span class='ocrx_word' id='word_1_623' title='bbox 839 2323 894 2358; x_wconf 86' lang='grc' dir='ltr'><strong>ἀμ-</strong></span> 
     </span>
    </p>
   </div>
   <div class='ocr_carea' id='block_1_94' title="bbox 100 2367 894 2405">
    <p class='ocr_par' dir='ltr' id='par_1_94' title="bbox 100 2367 894 2405">
     <span class='ocr_line' id='line_1_94' title="bbox 100 2367 894 2405; baseline 0 -9"><span class='ocrx_word' id='word_1_624' title='bbox 100 2369 230 2405; x_wconf 80' lang='grc' dir='ltr'>φοτέρων</span> <span class='ocrx_word' id='word_1_625' title='bbox 245 2367 447 2404; x_wconf 83' lang='grc' dir='ltr'>ὰγαθοπρεπῶς</span> <span class='ocrx_word' id='word_1_626' title='bbox 464 2368 676 2404; x_wconf 78' lang='grc' dir='ltr'>ὑπερεύξασθαι,</span> <span class='ocrx_word' id='word_1_627' title='bbox 690 2368 738 2395; x_wconf 76' lang='grc' dir='ltr'>καὶ</span> <span class='ocrx_word' id='word_1_628' title='bbox 756 2368 823 2395; x_wconf 82' lang='grc' dir='ltr'>Θεὸν</span> <span class='ocrx_word' id='word_1_629' title='bbox 837 2369 894 2396; x_wconf 80' lang='grc' dir='ltr'><strong>Σω-</strong></span> 
     </span>
    </p>
   </div>
   <div class='ocr_carea' id='block_1_95' title="bbox 98 2411 893 2451">
    <p class='ocr_par' dir='ltr' id='par_1_95' title="bbox 98 2411 893 2451">
     <span class='ocr_line' id='line_1_95' title="bbox 98 2411 893 2451; baseline -0.003 -8"><span class='ocrx_word' id='word_1_630' title='bbox 98 2416 179 2451; x_wconf 83' lang='grc' dir='ltr'>τῆρα</span> <span class='ocrx_word' id='word_1_631' title='bbox 205 2414 377 2450; x_wconf 88' lang='grc' dir='ltr'>συλλήπτορα</span> <span class='ocrx_word' id='word_1_632' title='bbox 395 2413 520 2446; x_wconf 78' lang='grc' dir='ltr'>λαϐόντα,</span> <span class='ocrx_word' id='word_1_633' title='bbox 541 2411 587 2440; x_wconf 85' lang='grc' dir='ltr'>τὸν</span> <span class='ocrx_word' id='word_1_634' title='bbox 602 2414 651 2449; x_wconf 89' lang='grc' dir='ltr'>μὲν</span> <span class='ocrx_word' id='word_1_635' title='bbox 664 2414 835 2450; x_wconf 75' lang='grc' dir='ltr'>ἐπιστρέψαι,</span> <span class='ocrx_word' id='word_1_636' title='bbox 849 2415 893 2441; x_wconf 81' lang='grc' dir='ltr'>τὸν</span> 
     </span>
    </p>
   </div>
   <div class='ocr_carea' id='block_1_96' title="bbox 97 2460 894 2497">
    <p class='ocr_par' dir='ltr' id='par_1_96' title="bbox 97 2460 894 2497">
     <span class='ocr_line' id='line_1_96' title="bbox 97 2460 894 2497; baseline 0 -9"><span class='ocrx_word' id='word_1_637' title='bbox 97 2462 133 2490; x_wconf 83' lang='grc' dir='ltr'><strong>δὲ</strong></span> <span class='ocrx_word' id='word_1_638' title='bbox 153 2461 301 2497; x_wconf 83' lang='grc' dir='ltr'>ἀγαθότητι</span> <span class='ocrx_word' id='word_1_639' title='bbox 316 2460 436 2496; x_wconf 83' lang='grc' dir='ltr'>νικῆσαι,</span> <span class='ocrx_word' id='word_1_640' title='bbox 447 2460 496 2487; x_wconf 82' lang='grc' dir='ltr'>καὶ</span> <span class='ocrx_word' id='word_1_641' title='bbox 514 2460 551 2495; x_wconf 82' lang='grc' dir='ltr'>μὴ</span> <span class='ocrx_word' id='word_1_642' title='bbox 571 2460 703 2487; x_wconf 82' lang='grc' dir='ltr'>διαλιπεῖν</span> <span class='ocrx_word' id='word_1_643' title='bbox 719 2460 894 2488; x_wconf 82' lang='grc' dir='ltr'>νουθετοῦντα</span> 
     </span>
    </p>
   </div>
   <div class='ocr_carea' id='block_1_97' title="bbox 97 2503 894 2543">
    <p class='ocr_par' dir='ltr' id='par_1_97' title="bbox 97 2503 894 2543">
     <span class='ocr_line' id='line_1_97' title="bbox 97 2503 894 2543; baseline -0.003 -8"><span class='ocrx_word' id='word_1_644' title='bbox 97 2508 151 2537; x_wconf 84' lang='grc' dir='ltr'>διὰ</span> <span class='ocrx_word' id='word_1_645' title='bbox 168 2507 226 2543; x_wconf 81' lang='grc' dir='ltr'>βίου</span> <span class='ocrx_word' id='word_1_646' title='bbox 243 2506 354 2539; x_wconf 77' lang='grc' dir='ltr'>παντὸς,</span> <span class='ocrx_word' id='word_1_647' title='bbox 373 2506 454 2542; x_wconf 78' lang='grc' dir='ltr'>ἄχρις</span> <span class='ocrx_word' id='word_1_648' title='bbox 466 2503 496 2533; x_wconf 78' lang='grc' dir='ltr'><strong>οὗ</strong></span> <span class='ocrx_word' id='word_1_649' title='bbox 521 2505 552 2532; x_wconf 80' lang='grc' dir='ltr'>τὸ</span> <span class='ocrx_word' id='word_1_650' title='bbox 579 2507 707 2542; x_wconf 85' lang='grc' dir='ltr'>σήμερον,</span> <span class='ocrx_word' id='word_1_651' title='bbox 737 2507 782 2534; x_wconf 75' lang='grc' dir='ltr'>καὶ</span> <span class='ocrx_word' id='word_1_652' title='bbox 808 2506 894 2538; x_wconf 76' lang='grc' dir='ltr'>οὕτως</span> 
     </span>
    </p>
   </div>
   <div class='ocr_carea' id='block_1_98' title="bbox 96 2551 894 2589">
    <p class='ocr_par' dir='ltr' id='par_1_98' title="bbox 96 2551 894 2589">
     <span class='ocr_line' id='line_1_98' title="bbox 96 2551 894 2589; baseline -0.004 -7"><span class='ocrx_word' id='word_1_653' title='bbox 96 2556 153 2582; x_wconf 71' lang='grc' dir='ltr'>ἐπὶ</span> <span class='ocrx_word' id='word_1_654' title='bbox 169 2553 219 2589; x_wconf 87' lang='grc' dir='ltr'>τὴν</span> <span class='ocrx_word' id='word_1_655' title='bbox 231 2553 305 2580; x_wconf 84' lang='grc' dir='ltr'>θείαν</span> <span class='ocrx_word' id='word_1_656' title='bbox 318 2552 418 2584; x_wconf 81' lang='grc' dir='ltr'>αὐτοὺς</span> <span class='ocrx_word' id='word_1_657' title='bbox 434 2552 547 2587; x_wconf 83' lang='grc' dir='ltr'>ἀγαγεῖν</span> <span class='ocrx_word' id='word_1_658' title='bbox 562 2551 673 2587; x_wconf 85' lang='grc' dir='ltr'>γνῶσιν,</span> <span class='ocrx_word' id='word_1_659' title='bbox 690 2553 727 2584; x_wconf 87' lang='grc' dir='ltr'>ὼς</span> <span class='ocrx_word' id='word_1_660' title='bbox 740 2552 772 2579; x_wconf 84' lang='grc' dir='ltr'>ἂν</span> <span class='ocrx_word' id='word_1_661' title='bbox 784 2552 833 2588; x_wconf 83' lang='grc' dir='ltr'>ήδη</span> <span class='ocrx_word' id='word_1_662' title='bbox 846 2553 894 2579; x_wconf 73' lang='grc' dir='ltr'>καὶ</span> 
     </span>
    </p>
   </div>
   <div class='ocr_carea' id='block_1_99' title="bbox 95 2598 893 2636">
    <p class='ocr_par' dir='ltr' id='par_1_99' title="bbox 95 2598 893 2636">
     <span class='ocr_line' id='line_1_99' title="bbox 95 2598 893 2636; baseline -0.005 -7"><span class='ocrx_word' id='word_1_663' title='bbox 95 2600 161 2629; x_wconf 84' lang='grc' dir='ltr'><strong>τῶν</strong></span> <span class='ocrx_word' id='word_1_664' title='bbox 183 2598 431 2636; x_wconf 81' lang='grc' dir='ltr'>ἀμφισϐητησίμων</span> <span class='ocrx_word' id='word_1_665' title='bbox 455 2599 546 2630; x_wconf 80' lang='grc' dir='ltr'>αὐτοῖς</span> <span class='ocrx_word' id='word_1_666' title='bbox 569 2598 747 2634; x_wconf 77' lang='grc' dir='ltr'>κρινομένων,</span> <span class='ocrx_word' id='word_1_667' title='bbox 772 2599 819 2625; x_wconf 79' lang='grc' dir='ltr'>καὶ</span> <span class='ocrx_word' id='word_1_668' title='bbox 839 2598 893 2625; x_wconf 84' lang='grc' dir='ltr'><strong>τῶν</strong></span> 
     </span>
    </p>
   </div>
   <div class='ocr_carea' id='block_1_100' title="bbox 96 2643 892 2681">
    <p class='ocr_par' dir='ltr' id='par_1_100' title="bbox 96 2643 892 2681">
     <span class='ocr_line' id='line_1_100' title="bbox 96 2643 892 2681; baseline -0.005 -8"><span class='ocrx_word' id='word_1_669' title='bbox 96 2646 213 2680; x_wconf 83' lang='grc' dir='ltr'>ἀλόγως</span> <span class='ocrx_word' id='word_1_670' title='bbox 225 2644 432 2681; x_wconf 80' lang='grc' dir='ltr'>θρασυνομένων</span> <span class='ocrx_word' id='word_1_671' title='bbox 445 2643 548 2679; x_wconf 80' lang='grc' dir='ltr'>ἐννόμῳ</span> <span class='ocrx_word' id='word_1_672' title='bbox 564 2643 625 2679; x_wconf 81' lang='grc' dir='ltr'>δίκῃ</span> <span class='ocrx_word' id='word_1_673' title='bbox 647 2645 794 2679; x_wconf 79' lang='grc' dir='ltr'>σωφρονεῖν</span> <span class='ocrx_word' id='word_1_674' title='bbox 808 2644 892 2678; x_wconf 83' lang='grc' dir='ltr'>ἀναγ-</span> 
     </span>
    </p>
   </div>
   <div class='ocr_carea' id='block_1_101' title="bbox 97 2689 892 2727">
    <p class='ocr_par' dir='ltr' id='par_1_101' title="bbox 97 2689 892 2727">
     <span class='ocr_line' id='line_1_101' title="bbox 97 2689 892 2727; baseline -0.004 -8"><span class='ocrx_word' id='word_1_675' title='bbox 97 2691 281 2727; x_wconf 75' lang='grc' dir='ltr'>καζομένωνο</span> <span class='ocrx_word' id='word_1_676' title='bbox 298 2690 356 2717; x_wconf 83' lang='grc' dir='ltr'>ἀλλ’</span> <span class='ocrx_word' id='word_1_677' title='bbox 373 2691 403 2716; x_wconf 83' lang='grc' dir='ltr'><strong>ἐν</strong></span> <span class='ocrx_word' id='word_1_678' title='bbox 427 2689 518 2725; x_wconf 79' lang='grc' dir='ltr'>ἑαυτῷ</span> <span class='ocrx_word' id='word_1_679' title='bbox 536 2690 573 2725; x_wconf 84' lang='grc' dir='ltr'>μὴ</span> <span class='ocrx_word' id='word_1_680' title='bbox 589 2689 721 2726; x_wconf 87' lang='grc' dir='ltr'>πρότερον</span> <span class='ocrx_word' id='word_1_681' title='bbox 740 2689 819 2716; x_wconf 81' lang='grc' dir='ltr'>τοῦτο</span> <span class='ocrx_word' id='word_1_682' title='bbox 839 2698 892 2716; x_wconf 67' lang='grc' dir='ltr'>παι-</span> 
     </span>
    </p>
   </div>
   <div class='ocr_carea' id='block_1_102' title="bbox 97 2731 893 2772">
    <p class='ocr_par' dir='ltr' id='par_1_102' title="bbox 97 2731 893 2772">
     <span class='ocr_line' id='line_1_102' title="bbox 97 2731 893 2772; baseline -0.004 -6"><span class='ocrx_word' id='word_1_683' title='bbox 97 2739 171 2770; x_wconf 82' lang='grc' dir='ltr'>θὼν,</span> <span class='ocrx_word' id='word_1_684' title='bbox 187 2738 237 2765; x_wconf 83' lang='grc' dir='ltr'>οὐκ</span> <span class='ocrx_word' id='word_1_685' title='bbox 249 2735 297 2764; x_wconf 77' lang='grc' dir='ltr'><strong>οἵδ’</strong></span> <span class='ocrx_word' id='word_1_686' title='bbox 309 2737 384 2769; x_wconf 83' lang='grc' dir='ltr'>ὅπως</span> <span class='ocrx_word' id='word_1_687' title='bbox 399 2736 460 2763; x_wconf 87' lang='grc' dir='ltr'>τότε</span> <span class='ocrx_word' id='word_1_688' title='bbox 476 2736 577 2772; x_wconf 81' lang='grc' dir='ltr'>πολλήν</span> <span class='ocrx_word' id='word_1_689' title='bbox 592 2744 653 2763; x_wconf 92' lang='grc' dir='ltr'>τινα</span> <span class='ocrx_word' id='word_1_690' title='bbox 671 2735 720 2771; x_wconf 85' lang='grc' dir='ltr'>τὴν</span> <span class='ocrx_word' id='word_1_691' title='bbox 729 2731 893 2771; x_wconf 77' lang='grc' dir='ltr'>δυσμένειαν</span> 
     </span>
    </p>
   </div>
   <div class='ocr_carea' id='block_1_103' title="bbox 95 2777 891 2820">
    <p class='ocr_par' dir='ltr' id='par_1_103' title="bbox 95 2777 891 2820">
     <span class='ocr_line' id='line_1_103' title="bbox 95 2777 891 2820; baseline -0.005 -8"><span class='ocrx_word' id='word_1_692' title='bbox 95 2785 154 2814; x_wconf 68' lang='grc' dir='ltr'><strong>καὶ</strong></span> <span class='ocrx_word' id='word_1_693' title='bbox 164 2784 213 2820; x_wconf 81' lang='grc' dir='ltr'>τὴν</span> <span class='ocrx_word' id='word_1_694' title='bbox 229 2783 340 2820; x_wconf 81' lang='grc' dir='ltr'>πικρίαν</span> <span class='ocrx_word' id='word_1_695' title='bbox 351 2783 476 2819; x_wconf 79' lang='grc' dir='ltr'>ἐκτήξας,</span> <span class='ocrx_word' id='word_1_696' title='bbox 489 2782 640 2818; x_wconf 84' lang='grc' dir='ltr'>κατεδάρθη</span> <span class='ocrx_word' id='word_1_697' title='bbox 654 2777 702 2818; x_wconf 75' lang='grc' dir='ltr'>μὲν</span> <span class='ocrx_word' id='word_1_698' title='bbox 713 2781 784 2809; x_wconf 75' lang='grc' dir='ltr'>οὕτω</span> <span class='ocrx_word' id='word_1_699' title='bbox 800 2782 891 2814; x_wconf 82' lang='grc' dir='ltr'>κακῶς</span> 
     </span>
    </p>
   </div>
   <div class='ocr_carea' id='block_1_104' title="bbox 95 2825 893 2867">
    <p class='ocr_par' dir='ltr' id='par_1_104' title="bbox 95 2825 893 2867">
     <span class='ocr_line' id='line_1_104' title="bbox 95 2825 893 2867; baseline -0.004 -10"><span class='ocrx_word' id='word_1_700' title='bbox 95 2831 194 2867; x_wconf 64' lang='grc' dir='ltr'>ἔχων</span> <span class='ocrx_word' id='word_1_701' title='bbox 207 2825 321 2866; x_wconf 75' lang='grc' dir='ltr'>(ἑσπέρα</span> <span class='ocrx_word' id='word_1_702' title='bbox 333 2829 387 2865; x_wconf 85' lang='grc' dir='ltr'><strong>γὰρ</strong></span> <span class='ocrx_word' id='word_1_703' title='bbox 402 2827 436 2865; x_wconf 81' lang='grc' dir='ltr'>ἦν</span> <span class='ocrx_word' id='word_1_704' title='bbox 483 2829 547 2865; x_wconf 77' lang='grc' dir='ltr'>περὶ</span> <span class='ocrx_word' id='word_1_705' title='bbox 559 2829 588 2855; x_wconf 85' lang='grc' dir='ltr'><strong>δὲ</strong></span> <span class='ocrx_word' id='word_1_706' title='bbox 610 2828 696 2864; x_wconf 84' lang='grc' dir='ltr'>μέσας</span> <span class='ocrx_word' id='word_1_707' title='bbox 708 2827 808 2860; x_wconf 86' lang='grc' dir='ltr'>νύκτας</span> <span class='ocrx_word' id='word_1_708' title='bbox 821 2827 893 2864; x_wconf 81' lang='grc' dir='ltr'><strong>(εἰώ-</strong></span> 
     </span>
    </p>
   </div>
   <div class='ocr_carea' id='block_1_105' title="bbox 96 2875 893 2912">
    <p class='ocr_par' dir='ltr' id='par_1_105' title="bbox 96 2875 893 2912">
     <span class='ocr_line' id='line_1_105' title="bbox 96 2875 893 2912; baseline -0.001 -9"><span class='ocrx_word' id='word_1_709' title='bbox 96 2877 148 2904; x_wconf 87' lang='grc' dir='ltr'><strong>θει</strong></span> <span class='ocrx_word' id='word_1_710' title='bbox 163 2876 218 2912; x_wconf 84' lang='grc' dir='ltr'><strong>γὰρ</strong></span> <span class='ocrx_word' id='word_1_711' title='bbox 230 2877 269 2908; x_wconf 87' lang='grc' dir='ltr'><strong>είς</strong></span> <span class='ocrx_word' id='word_1_712' title='bbox 279 2876 354 2903; x_wconf 88' lang='grc' dir='ltr'>τόνδε</span> <span class='ocrx_word' id='word_1_713' title='bbox 376 2876 422 2903; x_wconf 82' lang='grc' dir='ltr'><strong>τὸν</strong></span> <span class='ocrx_word' id='word_1_714' title='bbox 443 2875 539 2912; x_wconf 82' lang='grc' dir='ltr'>καιρὸν</span> <span class='ocrx_word' id='word_1_715' title='bbox 560 2875 641 2908; x_wconf 82' lang='grc' dir='ltr'>αὐτὸς</span> <span class='ocrx_word' id='word_1_716' title='bbox 653 2876 696 2911; x_wconf 81' lang='grc' dir='ltr'>ἐφ’</span> <span class='ocrx_word' id='word_1_717' title='bbox 713 2875 810 2902; x_wconf 78' lang='grc' dir='ltr'>ἑαυτοῦ</span> <span class='ocrx_word' id='word_1_718' title='bbox 825 2876 893 2911; x_wconf 78' lang='grc' dir='ltr'>πρὸς</span> 
     </span>
    </p>
   </div>
   <div class='ocr_carea' id='block_1_106' title="bbox 93 2920 891 2958">
    <p class='ocr_par' dir='ltr' id='par_1_106' title="bbox 93 2920 891 2958">
     <span class='ocr_line' id='line_1_106' title="bbox 93 2920 891 2958; baseline -0.003 -9"><span class='ocrx_word' id='word_1_719' title='bbox 93 2922 170 2952; x_wconf 54' lang='grc' dir='ltr'>τοὺς</span> <span class='ocrx_word' id='word_1_720' title='bbox 184 2922 272 2953; x_wconf 85' lang='grc' dir='ltr'>θείους</span> <span class='ocrx_word' id='word_1_721' title='bbox 285 2921 386 2956; x_wconf 78' lang='grc' dir='ltr'>ὕμνους</span> <span class='ocrx_word' id='word_1_722' title='bbox 411 2921 590 2958; x_wconf 75' lang='grc' dir='ltr'>ἐγρηγορέναι</span> <span class='ocrx_word' id='word_1_723' title='bbox 600 2921 620 2957; x_wconf 76' lang='grc'><strong>’)</strong></span> <span class='ocrx_word' id='word_1_724' title='bbox 641 2920 808 2948; x_wconf 81' lang='grc' dir='ltr'>διανίσταται</span> <span class='ocrx_word' id='word_1_725' title='bbox 831 2921 891 2956; x_wconf 84' lang='grc' dir='ltr'>μὲν,</span> 
     </span>
    </p>
   </div>
   <div class='ocr_carea' id='block_1_107' title="bbox 245 2967 541 2999">
    <p class='ocr_par' dir='ltr' id='par_1_107' title="bbox 245 2967 541 2999">
     <span class='ocr_line' id='line_1_107' title="bbox 245 2967 541 2999; baseline -0.003 0"><span class='ocrx_word' id='word_1_726' title='bbox 245 2968 382 2999; x_wconf 64' lang='lat' dir='ltr'><strong>Parnm.</strong></span> <span class='ocrx_word' id='word_1_727' title='bbox 412 2967 472 2999; x_wconf 83' lang='lat' dir='ltr'><strong>Gn.</strong></span> <span class='ocrx_word' id='word_1_728' title='bbox 490 2967 541 2998; x_wconf 83' lang='lat' dir='ltr'><strong>IV.</strong></span> 
     </span>
    </p>
   </div>
   <div class='ocr_carea' id='block_1_108' title="bbox 946 2321 1732 2358">
    <p class='ocr_par' dir='ltr' id='par_1_108' title="bbox 946 2321 1732 2358">
     <span class='ocr_line' id='line_1_108' title="bbox 946 2321 1732 2358; baseline 0.001 -8"><span class='ocrx_word' id='word_1_729' title='bbox 946 2322 1114 2358; x_wconf 86' lang='lat' dir='ltr'><strong>impietatem</strong></span> <span class='ocrx_word' id='word_1_730' title='bbox 1139 2322 1300 2350; x_wconf 85' lang='lat' dir='ltr'><strong>abduxerat.</strong></span> <span class='ocrx_word' id='word_1_731' title='bbox 1328 2321 1397 2349; x_wconf 93' lang='lat' dir='ltr'><strong>Dum</strong></span> <span class='ocrx_word' id='word_1_732' title='bbox 1421 2321 1510 2350; x_wconf 86' lang='lat' dir='ltr'><strong>adhuc</strong></span> <span class='ocrx_word' id='word_1_733' title='bbox 1527 2322 1562 2350; x_wconf 88' lang='lat' dir='ltr'><strong>ab</strong></span> <span class='ocrx_word' id='word_1_734' title='bbox 1583 2322 1643 2358; x_wconf 80' lang='lat' dir='ltr'><strong>ipso</strong></span> <span class='ocrx_word' id='word_1_735' title='bbox 1668 2322 1732 2351; x_wconf 84' lang='lat' dir='ltr'><strong>festi</strong></span> 
     </span>
    </p>
   </div>
   <div class='ocr_carea' id='block_1_109' title="bbox 944 2367 1732 2405">
    <p class='ocr_par' dir='ltr' id='par_1_109' title="bbox 944 2367 1732 2405">
     <span class='ocr_line' id='line_1_109' title="bbox 944 2367 1732 2405; baseline 0.001 -9"><span class='ocrx_word' id='word_1_736' title='bbox 944 2367 1002 2396; x_wconf 87' lang='lat' dir='ltr'><strong>dies</strong></span> <span class='ocrx_word' id='word_1_737' title='bbox 1017 2368 1181 2396; x_wconf 88' lang='lat' dir='ltr'><strong>Hilariorum</strong></span> <span class='ocrx_word' id='word_1_738' title='bbox 1194 2371 1350 2403; x_wconf 80' lang='lat' dir='ltr'><strong>agerentur,</strong></span> <span class='ocrx_word' id='word_1_739' title='bbox 1371 2371 1398 2395; x_wconf 88' lang='lat' dir='ltr'><strong>et</strong></span> <span class='ocrx_word' id='word_1_740' title='bbox 1413 2375 1463 2403; x_wconf 89' lang='lat' dir='ltr'><strong>pro</strong></span> <span class='ocrx_word' id='word_1_741' title='bbox 1479 2369 1624 2404; x_wconf 83' lang='lat' dir='ltr'><strong>utriusque</strong></span> <span class='ocrx_word' id='word_1_742' title='bbox 1637 2369 1679 2405; x_wconf 91' lang='lat' dir='ltr'><strong>(ut</strong></span> <span class='ocrx_word' id='word_1_743' title='bbox 1691 2370 1732 2397; x_wconf 92' lang='lat' dir='ltr'><strong>vi-</strong></span> 
     </span>
    </p>
   </div>
   <div class='ocr_carea' id='block_1_110' title="bbox 944 2413 1733 2450">
    <p class='ocr_par' dir='ltr' id='par_1_110' title="bbox 944 2413 1733 2450">
     <span class='ocr_line' id='line_1_110' title="bbox 944 2413 1733 2450; baseline 0.003 -9"><span class='ocrx_word' id='word_1_744' title='bbox 944 2422 1005 2442; x_wconf 89' lang='lat' dir='ltr'><strong>rum</strong></span> <span class='ocrx_word' id='word_1_745' title='bbox 1019 2414 1121 2441; x_wconf 87' lang='lat' dir='ltr'><strong>bonum</strong></span> <span class='ocrx_word' id='word_1_746' title='bbox 1146 2413 1269 2449; x_wconf 83' lang='lat' dir='ltr'><strong>decebat)</strong></span> <span class='ocrx_word' id='word_1_747' title='bbox 1290 2421 1387 2449; x_wconf 85' lang='lat' dir='ltr'><strong>preces</strong></span> <span class='ocrx_word' id='word_1_748' title='bbox 1414 2413 1565 2447; x_wconf 81' lang='lat' dir='ltr'><strong>ell‘undere,</strong></span> <span class='ocrx_word' id='word_1_749' title='bbox 1591 2414 1733 2450; x_wconf 74' lang='lat' dir='ltr'><strong>Deumque</strong></span> 
     </span>
    </p>
   </div>
   <div class='ocr_carea' id='block_1_111' title="bbox 946 2459 1732 2496">
    <p class='ocr_par' dir='ltr' id='par_1_111' title="bbox 946 2459 1732 2496">
     <span class='ocr_line' id='line_1_111' title="bbox 946 2459 1732 2496; baseline 0.003 -9"><span class='ocrx_word' id='word_1_750' title='bbox 946 2459 1118 2488; x_wconf 83' lang='lat' dir='ltr'><strong>Servatorem</strong></span> <span class='ocrx_word' id='word_1_751' title='bbox 1144 2460 1172 2487; x_wconf 94' lang='lat' dir='ltr'><strong>in</strong></span> <span class='ocrx_word' id='word_1_752' title='bbox 1187 2460 1320 2487; x_wconf 81' lang='lat' dir='ltr'><strong>auxilium</strong></span> <span class='ocrx_word' id='word_1_753' title='bbox 1337 2460 1462 2496; x_wconf 87' lang='lat' dir='ltr'><strong>accipere</strong></span> <span class='ocrx_word' id='word_1_754' title='bbox 1479 2460 1631 2494; x_wconf 85' lang='lat' dir='ltr'><strong>debuisset,</strong></span> <span class='ocrx_word' id='word_1_755' title='bbox 1647 2464 1677 2489; x_wconf 90' lang='lat' dir='ltr'><strong>ut</strong></span> <span class='ocrx_word' id='word_1_756' title='bbox 1692 2463 1732 2489; x_wconf 86' lang='lat' dir='ltr'><strong>al-</strong></span> 
     </span>
    </p>
   </div>
   <div class='ocr_carea' id='block_1_112' title="bbox 944 2506 1732 2541">
    <p class='ocr_par' dir='ltr' id='par_1_112' title="bbox 944 2506 1732 2541">
     <span class='ocr_line' id='line_1_112' title="bbox 944 2506 1732 2541; baseline 0.004 -8"><span class='ocrx_word' id='word_1_757' title='bbox 944 2510 1032 2534; x_wconf 83' lang='lat' dir='ltr'><strong>terum</strong></span> <span class='ocrx_word' id='word_1_758' title='bbox 1047 2507 1156 2541; x_wconf 90' lang='lat' dir='ltr'><strong>quidem</strong></span> <span class='ocrx_word' id='word_1_759' title='bbox 1169 2506 1203 2534; x_wconf 91' lang='lat' dir='ltr'><strong>ab</strong></span> <span class='ocrx_word' id='word_1_760' title='bbox 1223 2514 1319 2535; x_wconf 83' lang='lat' dir='ltr'><strong>errore</strong></span> <span class='ocrx_word' id='word_1_761' title='bbox 1336 2510 1519 2539; x_wconf 81' lang='lat' dir='ltr'><strong>converteret,</strong></span> <span class='ocrx_word' id='word_1_762' title='bbox 1535 2507 1651 2535; x_wconf 90' lang='lat' dir='ltr'><strong>alterum</strong></span> <span class='ocrx_word' id='word_1_763' title='bbox 1666 2516 1732 2536; x_wconf 91' lang='lat' dir='ltr'><strong>vero</strong></span> 
     </span>
    </p>
   </div>
   <div class='ocr_carea' id='block_1_113' title="bbox 943 2552 1731 2590">
    <p class='ocr_par' dir='ltr' id='par_1_113' title="bbox 943 2552 1731 2590">
     <span class='ocr_line' id='line_1_113' title="bbox 943 2552 1731 2590; baseline 0.005 -11"><span class='ocrx_word' id='word_1_764' title='bbox 943 2552 1110 2588; x_wconf 76' lang='lat' dir='ltr'><strong>benignitate</strong></span> <span class='ocrx_word' id='word_1_765' title='bbox 1137 2557 1291 2588; x_wconf 84' lang='lat' dir='ltr'><strong>superaret,</strong></span> <span class='ocrx_word' id='word_1_766' title='bbox 1319 2559 1371 2581; x_wconf 88' lang='lat' dir='ltr'><strong>nec</strong></span> <span class='ocrx_word' id='word_1_767' title='bbox 1394 2554 1470 2581; x_wconf 91' lang='lat' dir='ltr'><strong>omni</strong></span> <span class='ocrx_word' id='word_1_768' title='bbox 1483 2553 1547 2582; x_wconf 73' lang='lat' dir='ltr'><strong>vita:</strong></span> <span class='ocrx_word' id='word_1_769' title='bbox 1559 2559 1680 2590; x_wconf 90' lang='lat' dir='ltr'><strong>tempore</strong></span> <span class='ocrx_word' id='word_1_770' title='bbox 1695 2556 1731 2583; x_wconf 87' lang='lat' dir='ltr'><strong>ab</strong></span> 
     </span>
    </p>
   </div>
   <div class='ocr_carea' id='block_1_114' title="bbox 943 2598 1731 2631">
    <p class='ocr_par' dir='ltr' id='par_1_114' title="bbox 943 2598 1731 2631">
     <span class='ocr_line' id='line_1_114' title="bbox 943 2598 1731 2631; baseline 0.005 -6"><span class='ocrx_word' id='word_1_771' title='bbox 943 2598 1116 2626; x_wconf 89' lang='lat' dir='ltr'><strong>admonendo</strong></span> <span class='ocrx_word' id='word_1_772' title='bbox 1129 2599 1273 2631; x_wconf 72' lang='lat' dir='ltr'><strong>desistam,</strong></span> <span class='ocrx_word' id='word_1_773' title='bbox 1284 2603 1315 2627; x_wconf 89' lang='lat' dir='ltr'><strong>ut</strong></span> <span class='ocrx_word' id='word_1_774' title='bbox 1330 2605 1379 2628; x_wconf 79' lang='lat' dir='ltr'><strong>eos</strong></span> <span class='ocrx_word' id='word_1_775' title='bbox 1390 2599 1441 2627; x_wconf 91' lang='lat' dir='ltr'><strong>hac</strong></span> <span class='ocrx_word' id='word_1_776' title='bbox 1455 2601 1560 2628; x_wconf 86' lang='lat' dir='ltr'><strong>ratione</strong></span> <span class='ocrx_word' id='word_1_777' title='bbox 1575 2601 1609 2628; x_wconf 88' lang='lat' dir='ltr'><strong>ad</strong></span> <span class='ocrx_word' id='word_1_778' title='bbox 1625 2601 1672 2628; x_wconf 89' lang='lat' dir='ltr'><strong>Dei</strong></span> <span class='ocrx_word' id='word_1_779' title='bbox 1683 2609 1731 2629; x_wconf 88' lang='lat' dir='ltr'><strong>co-</strong></span> 
     </span>
    </p>
   </div>
   <div class='ocr_carea' id='block_1_115' title="bbox 943 2644 1730 2680">
    <p class='ocr_par' dir='ltr' id='par_1_115' title="bbox 943 2644 1730 2680">
     <span class='ocr_line' id='line_1_115' title="bbox 943 2644 1730 2680; baseline 0.005 -9"><span class='ocrx_word' id='word_1_780' title='bbox 943 2644 1092 2679; x_wconf 81' lang='lat' dir='ltr'><strong>gnitionem</strong></span> <span class='ocrx_word' id='word_1_781' title='bbox 1116 2644 1273 2677; x_wconf 87' lang='lat' dir='ltr'><strong>adduceret,</strong></span> <span class='ocrx_word' id='word_1_782' title='bbox 1293 2648 1320 2673; x_wconf 90' lang='lat' dir='ltr'><strong>et</strong></span> <span class='ocrx_word' id='word_1_783' title='bbox 1345 2653 1407 2680; x_wconf 70' lang='lat' dir='ltr'><strong>qua:</strong></span> <span class='ocrx_word' id='word_1_784' title='bbox 1417 2645 1445 2673; x_wconf 91' lang='lat' dir='ltr'><strong>in</strong></span> <span class='ocrx_word' id='word_1_785' title='bbox 1457 2647 1671 2675; x_wconf 87' lang='lat' dir='ltr'><strong>controversiam</strong></span> <span class='ocrx_word' id='word_1_786' title='bbox 1683 2655 1730 2675; x_wconf 85' lang='lat' dir='ltr'><strong>ve-</strong></span> 
     </span>
    </p>
   </div>
   <div class='ocr_carea' id='block_1_116' title="bbox 943 2687 1730 2728">
    <p class='ocr_par' dir='ltr' id='par_1_116' title="bbox 943 2687 1730 2728">
     <span class='ocr_line' id='line_1_116' title="bbox 943 2687 1730 2728; baseline 0.004 -11"><span class='ocrx_word' id='word_1_787' title='bbox 943 2695 1050 2723; x_wconf 87' lang='lat' dir='ltr'><strong>nerant,</strong></span> <span class='ocrx_word' id='word_1_788' title='bbox 1071 2691 1180 2719; x_wconf 87' lang='lat' dir='ltr'><strong>tandem</strong></span> <span class='ocrx_word' id='word_1_789' title='bbox 1194 2691 1342 2726; x_wconf 88' lang='lat' dir='ltr'><strong>aliquaudo</strong></span> <span class='ocrx_word' id='word_1_790' title='bbox 1356 2691 1556 2727; x_wconf 81' lang='lat' dir='ltr'><strong>iudicarentur,</strong></span> <span class='ocrx_word' id='word_1_791' title='bbox 1572 2696 1598 2721; x_wconf 88' lang='lat' dir='ltr'><strong>et</strong></span> <span class='ocrx_word' id='word_1_792' title='bbox 1613 2700 1674 2728; x_wconf 73' lang='lat' dir='ltr'><strong>quae</strong></span> <span class='ocrx_word' id='word_1_793' title='bbox 1688 2687 1730 2720; x_wconf 65' lang='lat' dir='ltr'><strong>te:</strong></span> 
     </span>
    </p>
   </div>
   <div class='ocr_carea' id='block_1_117' title="bbox 943 2737 1730 2773">
    <p class='ocr_par' dir='ltr' id='par_1_117' title="bbox 943 2737 1730 2773">
     <span class='ocr_line' id='line_1_117' title="bbox 943 2737 1730 2773; baseline 0.001 -10"><span class='ocrx_word' id='word_1_794' title='bbox 943 2744 1017 2763; x_wconf 85' lang='lat' dir='ltr'><strong>mere</strong></span> <span class='ocrx_word' id='word_1_795' title='bbox 1040 2744 1089 2772; x_wconf 89' lang='lat' dir='ltr'><strong>per</strong></span> <span class='ocrx_word' id='word_1_796' title='bbox 1106 2737 1247 2765; x_wconf 87' lang='lat' dir='ltr'><strong>audaciam</strong></span> <span class='ocrx_word' id='word_1_797' title='bbox 1273 2740 1380 2773; x_wconf 84' lang='lat' dir='ltr'><strong>patrata</strong></span> <span class='ocrx_word' id='word_1_798' title='bbox 1404 2741 1506 2770; x_wconf 85' lang='lat' dir='ltr'><strong>essent,</strong></span> <span class='ocrx_word' id='word_1_799' title='bbox 1521 2738 1584 2773; x_wconf 85' lang='lat' dir='ltr'><strong>jure</strong></span> <span class='ocrx_word' id='word_1_800' title='bbox 1608 2737 1730 2773; x_wconf 90' lang='lat' dir='ltr'><strong>legitimo</strong></span> 
     </span>
    </p>
   </div>
   <div class='ocr_carea' id='block_1_118' title="bbox 943 2782 1728 2820">
    <p class='ocr_par' dir='ltr' id='par_1_118' title="bbox 943 2782 1728 2820">
     <span class='ocr_line' id='line_1_118' title="bbox 943 2782 1728 2820; baseline 0.004 -11"><span class='ocrx_word' id='word_1_801' title='bbox 943 2782 1089 2811; x_wconf 85' lang='lat' dir='ltr'><strong>emendare</strong></span> <span class='ocrx_word' id='word_1_802' title='bbox 1116 2786 1294 2818; x_wconf 76' lang='lat' dir='ltr'><strong>cogerentur;</strong></span> <span class='ocrx_word' id='word_1_803' title='bbox 1310 2784 1393 2819; x_wconf 70' lang='lat'><strong>380</strong></span> <span class='ocrx_word' id='word_1_804' title='bbox 1412 2784 1435 2812; x_wconf 92' lang='lat' dir='ltr'><strong>is</strong></span> <span class='ocrx_word' id='word_1_805' title='bbox 1460 2783 1534 2820; x_wconf 91' lang='lat' dir='ltr'><strong>(cum</strong></span> <span class='ocrx_word' id='word_1_806' title='bbox 1562 2784 1615 2812; x_wconf 88' lang='lat' dir='ltr'><strong>sibi</strong></span> <span class='ocrx_word' id='word_1_807' title='bbox 1630 2783 1657 2812; x_wconf 87' lang='lat' dir='ltr'><strong>id</strong></span> <span class='ocrx_word' id='word_1_808' title='bbox 1673 2791 1728 2812; x_wconf 89' lang='lat' dir='ltr'><strong>non</strong></span> 
     </span>
    </p>
   </div>
   <div class='ocr_carea' id='block_1_119' title="bbox 943 2828 1729 2865">
    <p class='ocr_par' dir='ltr' id='par_1_119' title="bbox 943 2828 1729 2865">
     <span class='ocr_line' id='line_1_119' title="bbox 943 2828 1729 2865; baseline 0.001 -10"><span class='ocrx_word' id='word_1_809' title='bbox 943 2828 1020 2863; x_wconf 90' lang='lat' dir='ltr'><strong>prius</strong></span> <span class='ocrx_word' id='word_1_810' title='bbox 1042 2829 1212 2865; x_wconf 73' lang='lat' dir='ltr'><strong>contigisset)</strong></span> <span class='ocrx_word' id='word_1_811' title='bbox 1245 2830 1340 2858; x_wconf 88' lang='lat' dir='ltr'><strong>nescio</strong></span> <span class='ocrx_word' id='word_1_812' title='bbox 1363 2836 1418 2865; x_wconf 90' lang='lat' dir='ltr'><strong>quo</strong></span> <span class='ocrx_word' id='word_1_813' title='bbox 1446 2833 1526 2864; x_wconf 87' lang='lat' dir='ltr'><strong>pacto</strong></span> <span class='ocrx_word' id='word_1_814' title='bbox 1544 2832 1601 2856; x_wconf 92' lang='lat' dir='ltr'><strong>tum</strong></span> <span class='ocrx_word' id='word_1_815' title='bbox 1629 2836 1729 2864; x_wconf 76' lang='lat' dir='ltr'><strong>magno</strong></span> 
     </span>
    </p>
   </div>
   <div class='ocr_carea' id='block_1_120' title="bbox 943 2874 1728 2909">
    <p class='ocr_par' dir='ltr' id='par_1_120' title="bbox 943 2874 1728 2909">
     <span class='ocr_line' id='line_1_120' title="bbox 943 2874 1728 2909; baseline 0.003 -8"><span class='ocrx_word' id='word_1_816' title='bbox 943 2874 1059 2909; x_wconf 87' lang='lat' dir='ltr'><strong>quodam</strong></span> <span class='ocrx_word' id='word_1_817' title='bbox 1083 2875 1147 2903; x_wconf 91' lang='lat' dir='ltr'><strong>odio</strong></span> <span class='ocrx_word' id='word_1_818' title='bbox 1161 2883 1193 2903; x_wconf 90' lang='lat' dir='ltr'><strong>ac</strong></span> <span class='ocrx_word' id='word_1_819' title='bbox 1212 2875 1404 2907; x_wconf 87' lang='lat' dir='ltr'><strong>amaritudine,</strong></span> <span class='ocrx_word' id='word_1_820' title='bbox 1427 2876 1518 2903; x_wconf 87' lang='lat' dir='ltr'><strong>animo</strong></span> <span class='ocrx_word' id='word_1_821' title='bbox 1536 2875 1662 2907; x_wconf 82' lang='lat' dir='ltr'><strong>intabuit.</strong></span> <span class='ocrx_word' id='word_1_822' title='bbox 1676 2876 1728 2903; x_wconf 79' lang='lat' dir='ltr'><strong>ita-</strong></span> 
     </span>
    </p>
   </div>
   <div class='ocr_carea' id='block_1_121' title="bbox 943 2921 1727 2958">
    <p class='ocr_par' dir='ltr' id='par_1_121' title="bbox 943 2921 1727 2958">
     <span class='ocr_line' id='line_1_121' title="bbox 943 2921 1727 2958; baseline 0 -10"><span class='ocrx_word' id='word_1_823' title='bbox 943 2928 1005 2958; x_wconf 29' lang='lat' dir='ltr'><strong>que.</strong></span> <span class='ocrx_word' id='word_1_824' title='bbox 1021 2921 1092 2950; x_wconf 86' lang='lat' dir='ltr'><strong>male</strong></span> <span class='ocrx_word' id='word_1_825' title='bbox 1114 2921 1228 2951; x_wconf 83' lang='lat' dir='ltr'><strong>allectus</strong></span> <span class='ocrx_word' id='word_1_826' title='bbox 1251 2922 1322 2957; x_wconf 83' lang='lat' dir='ltr'><strong>(erat</strong></span> <span class='ocrx_word' id='word_1_827' title='bbox 1335 2921 1409 2950; x_wconf 88' lang='lat' dir='ltr'><strong>enim</strong></span> <span class='ocrx_word' id='word_1_828' title='bbox 1432 2921 1556 2957; x_wconf 86' lang='lat' dir='ltr'><strong>vespera)</strong></span> <span class='ocrx_word' id='word_1_829' title='bbox 1570 2922 1727 2950; x_wconf 87' lang='lat' dir='ltr'><strong>obdormiit.</strong></span> 
     </span>
    </p>
   </div>
   <div class='ocr_carea' id='block_1_122' title="bbox 1551 2967 1588 2997">
    <p class='ocr_par' dir='ltr' id='par_1_122' title="bbox 1551 2967 1588 2997">
     <span class='ocr_line' id='line_1_122' title="bbox 1551 2967 1588 2997; baseline 0 0"><span class='ocrx_word' id='word_1_830' title='bbox 1551 2967 1588 2997; x_wconf 71' lang='lat'><strong>21</strong></span> 
     </span>
    </p>
   </div>
  </div>
