1950 3065
249 157 298 185 651

845 157 872 186 S.
892 157 1041 187 DIONYSH
1058 159 1289 188 AREOPAGITA’.

1809 165 1856 194 653

246 214 381 241 ueterum
406 212 494 241 media
520 217 598 241 nocte
620 213 689 249 (ipse
712 221 830 249 namque
855 222 1026 244 consueveral

1085 218 1145 244 οὐδὲ
1170 217 1224 244 τῶν
1251 217 1342 244 ὕπνων
1359 217 1447 244 αὐτῶν
1471 217 1574 245 πολλῶν
1589 227 1620 254 γε
1641 219 1735 252 ὄντων,
1757 221 1799 248 καὶ
1817 222 1857 249 ἀεὶ

247 260 301 288 hoc
315 264 437 294 tempore
456 259 491 287 ad
513 259 620 288 divinas
648 260 743 288 laudes
769 261 840 296 apud
859 270 889 290 se
908 263 1031 299 vigilare)

247 306 378 337 surrexit,
395 313 458 334 cum
481 313 569 341 neque
594 313 705 334 somnos
720 307 806 342 ipsos,
822 315 885 335 nam
904 312 931 335 et
941 309 1030 342 multi,

246 355 275 381 et
288 353 386 380 crebro
412 352 556 387 interrupti
579 352 697 385 fuerant,
713 353 815 388 absque
827 355 1031 389 perturbatione

245 399 379 434 cepisset,
407 399 493 426 nihilo
509 399 599 427 secius
619 399 654 426 ad
678 398 798 427 divinam
822 401 1030 429 collocutionem

246 449 335 477 stans,
354 445 465 481 indigne
481 445 653 478 trislabatur,
670 449 697 473 et
715 446 828 473 moleste
845 446 959 479 ferebat,
975 455 1031 476 non

246 499 308 520 esse
320 492 425 527 justum
447 498 584 523 asserens,
598 492 622 519 si
640 491 692 518 viri
705 492 791 526 impii,
805 492 907 528 quique
921 501 1031 528 perver-

247 542 336 566 terent
349 538 408 566 vias
431 537 537 565 Domini
554 541 655 570 rectas,
680 538 814 566 viverent.
844 538 877 565 Et
892 546 955 566 cum
973 539 1031 567 hzee

246 584 359 615 diceret,
379 584 463 612 Deum
479 584 650 617 obsecrabat,
663 588 692 612 ut
704 583 817 612 fulmine
830 585 922 620 aliquo
937 587 1031 614 ambo-

245 639 307 658 rum
317 630 389 658 vitas
403 630 463 657 sine
475 630 530 657 ulla
545 630 736 658 misericordia
750 637 866 665 prorsus
886 631 1031 667 abrumpe-

243 680 297 704 rex.
310 676 376 710 Quae
398 683 462 703 cum
477 676 604 709 dixisset,
627 676 772 704 confestim
791 676 845 704 sibi
858 676 947 704 visum
969 685 1030 706 esse

245 722 339 750 videre
369 721 515 755 referebat,
541 722 663 754 domum,
683 722 710 749 in
729 730 783 757 qua
815 727 885 758 erat,
911 724 1030 759 primum

244 768 354 803 quidem
372 775 388 795 a
402 775 509 796 summo
529 768 648 796 culmine
660 773 822 803 permotam,
837 770 865 797 in
876 769 945 797 duas
960 777 1025 805 par-

243 819 286 843 tes
299 815 417 842 mediam
441 814 537 847 dividi,
556 822 588 842 ac
609 823 704 850 rogum
720 819 784 844 ante
796 824 825 844 se
842 816 934 852 magni
945 816 1028 843 lumi-

243 861 298 894 nis,
312 864 340 889 et
355 861 430 888 hunc
454 861 542 896 (locus
557 861 629 889 enim
639 861 768 897 deinceps
790 862 840 890 sub
856 863 901 890 dio
917 870 979 890 esse
990 861 1030 888 vi-

243 906 476 942 debatur)ecmlo
490 906 525 933 ad
545 913 575 934 se
595 914 683 942 usque
707 907 820 940 deferri,
839 908 939 936 cmlum
964 915 1030 935 vero

242 950 333 985 ipsum
352 954 487 985 apertum,
512 954 539 978 et
565 958 649 986 super
674 951 757 980 dorso
776 952 838 979 C(Bli
862 952 968 984 Jesum,
984 953 1030 980 cui

243 997 453 1026 innumerabilis
465 997 625 1033 angelorum
647 998 793 1025 multitudo
816 998 963 1026 humanam
973 998 1031 1027 elli-

243 1043 314 1079 giem
327 1051 384 1078 prae
401 1050 431 1071 se
454 1043 599 1071 ferentium
628 1044 794 1072 assistebat:
809 1048 836 1072 et
849 1045 906 1072 haec
919 1045 1029 1080 quidem

242 1096 363 1125 superne
374 1089 487 1124 vidisse,
505 1091 725 1126 admiratumque
739 1098 799 1118 esse
813 1090 919 1126 Carpus
928 1091 1028 1119 aiebat.

241 1135 311 1163 Cum
322 1143 388 1164 vero
398 1135 427 1163 in
441 1139 543 1163 terram
556 1136 652 1163 oculos
662 1135 824 1169 deflexisset,
837 1137 925 1165 solum
939 1137 1029 1172 ipsum

242 1182 330 1209 instar
344 1181 471 1209 immensi
494 1189 526 1208 ac
553 1180 680 1216 profundi
709 1182 853 1216 cujusdam
868 1182 960 1210 hiatus
969 1182 1029 1210 dis-

242 1227 346 1255 cissum
368 1235 399 1256 se
423 1227 526 1255 vidisse
543 1226 621 1259 dixit,
638 1231 665 1255 et
688 1227 813 1256 homines
830 1229 939 1264 quidem
955 1229 1028 1261 illos,

241 1273 343 1308 quibus
367 1273 439 1300 male
466 1273 631 1308 imprecatus
657 1272 758 1306 fuerat,
776 1278 840 1302 ante
856 1282 886 1302 se
907 1274 984 1309 juxta
997 1282 1029 1302 os

241 1321 335 1348 hiatus
359 1320 433 1348 illius
449 1321 603 1348 consistere
625 1323 773 1348 trementes
790 1328 823 1348 ac
844 1321 1027 1354 miserabiles,

242 1370 273 1394 ut
286 1374 383 1403 parum
399 1367 516 1399 abesset,
541 1367 607 1402 quin
622 1374 678 1401 prae
692 1366 790 1401 pedum
805 1373 915 1394 suorum
932 1367 1027 1394 incon-

242 1412 344 1440 stantia
368 1411 482 1446 jamjam
509 1410 656 1446 dejiciendi
670 1411 837 1438 viderentur.
861 1410 962 1438 Verum
977 1411 1028 1440 sub

241 1457 318 1485 hiatu
337 1462 478 1493 serpentes
494 1465 604 1485 sursum
627 1464 732 1492 repere,
749 1461 776 1484 et
790 1457 863 1484 circa
875 1456 958 1492 pedes
968 1457 1029 1484 illo-

241 1511 302 1531 rum
328 1511 389 1531 sesc
415 1507 557 1531 moventes
584 1503 721 1530 interdum
750 1503 860 1538 quidem
876 1503 904 1531 in
925 1504 1028 1539 spiram

1044 890 1066 917 B

1083 263 1298 298 ἐγκοπτομένων,
1324 263 1376 297 ἔξω
1390 264 1514 299 ταραχῆς
1533 264 1760 299 παραπολαύσας·
1779 267 1857 300 ἑστὼς

1081 308 1110 335 δὲ
1126 308 1199 344 ὅμως
1212 310 1253 341 εἰς
1262 310 1311 345 τὴν
1325 309 1399 336 θείαν
1412 309 1519 346 ὁμιλίαν
1535 310 1584 337 οὐκ
1595 311 1700 345 εὐαγῶς
1715 312 1802 347 ἠνιᾶτο
1813 314 1857 340 καὶ

1081 355 1277 390 ἐδυσχέραινεν,
1294 354 1344 381 οὐκ
1364 353 1432 381 εἶναι
1452 354 1555 381 δίκαιον
1578 354 1674 388 λέγων,
1697 355 1722 381 εί
1740 355 1803 391 ζῷεν
1814 357 1857 384 ἇν-

1081 400 1143 436 δρες
1169 400 1244 427 ἄθεοι
1260 399 1307 427 καὶ
1323 399 1528 436 διαστρέφοντες
1546 400 1595 432 τὰς
1607 400 1682 432 ὀδοὺς
1696 401 1744 428 τοῦ
1764 401 1856 437 Κυρίου

1081 445 1131 477 τὰς
1148 445 1264 477 εὐθείας.
1281 445 1337 472 Καὶ
1352 445 1437 472 ταῦτα
1458 445 1544 480 λέγων
1556 446 1639 472 ἐδεῖτο
1652 446 1699 473 τοῦ
1715 447 1779 474 Θεοῦ
1791 456 1856 484 πρη-

1082 491 1160 526 στῆρι
1175 499 1227 517 τινι
1244 491 1293 522 τὰς
1305 491 1465 527 ἀμφοτέρων
1481 491 1596 525 εἰσάπαξ
1613 492 1734 527 ἀνηλεῶς
1747 493 1857 521 ἀποπαῦ-

1082 545 1126 563 σαι
1145 536 1225 569 ζωᾶς.
1255 537 1345 563 Ταῦτα
1361 537 1390 564 δὲ
1407 537 1501 569 εἰπὼν,
1519 537 1593 572 ἔλεγε
1609 538 1682 571 δόξαι
1706 538 1768 565 ίδεῖν
1787 539 1858 573 ἄφνω

1080 582 1125 609 τὸν
1142 579 1263 615 οἷκον,έν
1277 579 1353 618 ᾧπερ
1367 584 1496 618 εἱστήκει,
1520 582 1718 617 διαδονηθέντα,
1735 583 1858 619 πρότερον

1080 629 1112 655 ἐκ
1130 629 1178 666 τῆς
1194 629 1295 664 ὀροφῆς
1319 629 1359 660 είς
1374 628 1421 655 δύο
1444 628 1525 664 μέσον
1552 628 1731 664 διαιρεθέντα,
1746 630 1790 655 καί
1800 638 1859 656 τινα

1080 674 1169 710 πυρὰν
1198 675 1355 709 πολύφωτω
1382 674 1545 710 ἐπίπροσθεν
1571 674 1679 705 ἑαυτοῦ,
1702 675 1748 701 καὶ
1762 675 1858 710 ταύτην

1080 719 1177 755 (ἐδόκει
1197 719 1251 756 γὰρ
1267 719 1360 746 λοιπὸν
1375 719 1507 755 ὕπαιθρος
1523 721 1537 746 6
1554 720 1653 755 τόπος)
1675 721 1707 747 ὲκ
1721 720 1767 747 τοῦ
1781 721 1859 757 οὐρα-

1081 765 1135 792 νίου
1150 765 1239 801 χώρου
1256 766 1351 801 μέχρις
1367 765 1448 792 αὐτοῦ
1467 767 1706 802 καταφερομένην
1717 767 1762 794 τὸν
1777 767 1804 794 δὲ
1816 768 1860 794 οὑ-

1080 811 1160 846 ρανὸν
1183 811 1263 838 αὐτὸν
1292 811 1526 847 ἀναπεπταμένον,
1550 813 1595 839 καὶ
1612 812 1658 838 ἐπὶ
1681 812 1720 847 τῷ
1731 812 1806 848 νώτῳ
1815 813 1859 840 τοῦ

1080 856 1194 892 οὐρανοῦ
1216 857 1261 883 τὸν
1281 856 1393 892 Ἰησοῦν,
1410 857 1531 893 ἀπείρων
1555 857 1760 893 ἀνθῳποειδῶν
1790 859 1861 894 αὐτῷ

1080 903 1289 938 παρεστηκότων
1306 902 1428 937 ἀγγέλων
1438 911 1445 917 ι
1460 902 1507 929 καὶ
1522 902 1608 929 ταῦτα
1624 904 1672 939 μὲν
1687 903 1787 931 ἀνωθεν
1799 905 1862 940 ὁρᾶ-

1081 949 1142 976 σθαι
1153 949 1199 975 καὶ
1216 948 1373 984 θαυμάζειν.
1392 949 1475 976 Κάτω
1492 949 1520 976 δὲ
1536 949 1624 984 κύψας
1636 951 1651 977 6
1662 950 1783 985 Κάρπος,
1800 950 1863 977 ἰδεῖν

1079 994 1130 1030 ἔφη
1148 994 1195 1021 καὶ
1215 993 1346 1028 τοῦδαφος
1362 994 1427 1020 αὐτὸ
1443 994 1511 1030 πρὸς
1537 995 1637 1030 ἀχανές
1655 1004 1682 1022 τι
1702 995 1794 1031 χάσμα
1815 997 1863 1023 καὶ

1081 1040 1215 1067 σκοτεινὸν
1239 1039 1448 1076 διερῤηγμένον·
1464 1040 1585 1072 καὶτοὺς
1599 1040 1647 1076 μὲν
1672 1040 1771 1076 ἄνδρας
1793 1041 1864 1068 ὲκεί-

1079 1094 1150 1118 νους,
1163 1082 1203 1117 οἷς
1215 1085 1349 1120 ἐπηρᾶτο,
1366 1085 1419 1121 πρὸ
1435 1086 1517 1111 αὑτοῦ
1534 1085 1604 1112 κατὰ
1619 1085 1649 1112 τὸ
1664 1085 1774 1121 στόμιον
1785 1086 1867 1122 έστη-’

1079 1131 1156 1158 κέναι
1175 1131 1222 1157 τοῦ
1245 1131 1395 1166 χάσματος,
1432 1131 1611 1166 ὑποτρόμους,
1635 1131 1777 1164 ἐλεεινοὺς,
1802 1132 1864 1158 ὅσον

1079 1176 1154 1203 οὔπω
1174 1176 1412 1212 καταφερομένους
1437 1176 1489 1203 ὑπὸ
1511 1177 1560 1212 τῆς
1579 1176 1633 1203 τῶν
1654 1177 1761 1204 οἰκείων
1777 1177 1865 1204 ποδιῖιν

1079 1222 1223 1254 ἀστασίας·
1238 1222 1358 1249 κάτωθεν
1373 1222 1402 1248 δὲ
1417 1222 1471 1248 ἀπὸ
1481 1222 1527 1248 τοῦ
1541 1222 1680 1258 χάσματος
1692 1222 1769 1256 ὄφεις
1786 1223 1866 1259 ἀνέρ-

1079 1277 1149 1301 πειν,
1173 1269 1219 1295 καὶ
1240 1269 1304 1304 περὶ
1319 1269 1383 1300 τοὺς
1404 1268 1486 1299 πόδας
1510 1268 1600 1295 αὐτῶν
1624 1268 1864 1304 ὑποκινουμένους,

1079 1314 1145 1341 ποτὲ
1163 1314 1211 1350 μὲν
1223 1313 1369 1349 ἀποσύρειν
1380 1314 1620 1350 έπανειλουμένους
1634 1316 1692 1350 ἅμα
1706 1317 1753 1342 καὶ
1769 1316 1868 1343 ἐπιϐα-

1079 1359 1202 1396 ροῦντας,
1218 1361 1264 1387 καὶ
1274 1359 1400 1392 ἕλκοντας
1410 1369 1416 1376 ·
1429 1361 1493 1387 ποτὲ
1504 1361 1532 1387 δὲ
1544 1363 1601 1393 τοῖς
1609 1361 1708 1395 ὀδοῦσι,
1725 1362 1742 1397 ἢ
1757 1363 1815 1393 τοῖς
1826 1363 1868 1389 οὐ·

1080 1406 1164 1442 ραίοις
1195 1405 1423 1441 ὐποτύφοντας,ἧ
1444 1405 1721 1442 ὑπογαργαλίξοντας,
1746 1408 1795 1434 καὶ
1821 1408 1867 1435 διὰ

1081 1452 1184 1484 παντὸς
1194 1453 1234 1484 εἰς
1243 1452 1276 1479 τὸ
1291 1452 1390 1488 ἀχανὲς
1409 1452 1552 1488 ἐμϐάλλειν
1576 1454 1798 1489 μηχανωμένους.
1822 1453 1868 1482 Εἷ-

1078 1506 1122 1525 ναι
1138 1498 1166 1525 δὲ
1183 1498 1229 1525 καὶ
1246 1498 1344 1534 ἄνδρας
1359 1498 1433 1530 τινὰς
1449 1499 1477 1524 ὲν
1503 1499 1587 1534 μέσῳ,
1608 1501 1664 1531 τοῖς
1687 1499 1765 1534 ὄφεσι
1793 1501 1869 1527 κατὰ

240 1553 408 1581 rontractos,
435 1549 517 1576 simul
535 1548 680 1584 ingravare
695 1553 777 1584 atque
792 1549 968 1584 pertrahere;
983 1550 1026 1577 in-

1079 1543 1132 1569 τῶν
1149 1543 1252 1579 ἀνδρῶν
1269 1543 1531 1579 συνεπιτιθεμένους,
1544 1544 1731 1576 διαδονοῠντας
1747 1545 1807 1580 ἅμα
1820 1546 1870 1572 καὶ

239 1597 251 1622 t
282 1595 348 1622 dum
363 1602 428 1622 vero
447 1594 577 1622 dentibus
601 1594 643 1622 vel
675 1594 774 1623 caudis
807 1594 986 1623 incendentes
1000 1599 1027 1623 et

239 1643 438 1675 demulcentes,
455 1645 485 1669 ut
499 1642 546 1677 qui
563 1642 591 1668 in
608 1642 764 1676 voraginem
781 1641 843 1669 illos
857 1641 1027 1676 praecipitare

239 1688 352 1715 omnino
371 1688 544 1715 molirentur.
570 1686 666 1714 Fuisse
681 1687 763 1714 etiam
787 1687 861 1714 viros
881 1687 1024 1722 quosdam,

239 1734 286 1770 qui
311 1734 340 1762 in
367 1733 458 1762 medio
473 1741 524 1769 pro
549 1733 721 1768 serpentibus
736 1737 831 1761 contra
849 1733 924 1761 viros
945 1733 1026 1761 simul

237 1781 390 1810 irruerent,
407 1779 611 1815 perturbarent,
633 1778 763 1813 impetum
793 1778 875 1805 simul
906 1777 1026 1805 facerent

238 1833 271 1853 ac
296 1826 420 1853 ferirent.
444 1825 531 1853 Porro
548 1825 587 1852 illi
605 1824 718 1859 jamjam
742 1824 834 1851 casuri
852 1823 1024 1855 videbantur,

237 1872 338 1908 partim
351 1871 461 1906 quidem
475 1871 672 1905 inviti,partim
688 1877 753 1898 vero
769 1870 926 1904 voluntarii,
938 1877 999 1898 cum
1010 1877 1025 1897 a

237 1918 311 1945 malo
335 1917 436 1945 sensim
461 1920 625 1952 cogerentur
657 1916 793 1951 simulque
821 1915 1024 1944 inducerentur.

237 1963 289 1991 Hic
310 1962 416 1999 Carpus
430 1963 495 1990 dum
523 1962 654 1991 inferiora
670 1963 816 1998 aspiceret,
832 1962 980 1997 plurimum
996 1970 1026 1990 se

212 2035 216 2039 ,
240 2009 376 2040 laetatum,
390 2016 421 2035 ac
437 2008 579 2043 superiora
604 2008 756 2043 neglexisse
775 2007 894 2039 dicebat,
913 2007 1027 2035 moleste

236 2062 304 2082 vero
315 2055 490 2090 graviterque
497 2054 609 2085 tulisse,
625 2054 699 2089 quod
720 2053 837 2082 necdum
848 2053 1023 2086 cecidissent,

239 2107 367 2136 saepeque
387 2107 449 2128 cum
465 2100 492 2127 in
506 2100 559 2127 hoc
583 2099 723 2135 negotium
748 2099 930 2132 incumberet,
957 2100 1024 2127 nihil

235 2146 398 2182 profecisse,
419 2154 450 2175 ac
463 2151 609 2182 propterea
627 2146 816 2182 indignatione
828 2145 954 2173 affectum
969 2146 1024 2174 illis

237 2193 416 2227 imprecatum
430 2200 502 2221 esse.
519 2192 643 2228 Cumque
654 2192 699 2219 vix
711 2191 819 2219 tandem
836 2198 945 2219 sursum
957 2199 1024 2219 ocu-

236 2239 278 2265 los
310 2239 456 2271 elcvasset,
488 2238 591 2266 vidisse
617 2245 715 2266 rursus
740 2237 850 2265 dicebat
865 2237 966 2265 coelum
994 2241 1024 2265 ut

236 2285 313 2318 prius
328 2284 446 2316 viderat,
473 2284 623 2320 Jesumque
651 2284 753 2312 factum
769 2283 837 2311 illud
861 2283 1022 2311 miseratam

236 2329 270 2357 de
285 2330 394 2358 excelsa
425 2330 504 2365 381
526 2330 571 2357 illa
597 2329 661 2358 sede
686 2330 851 2362 surrexisse,
877 2336 911 2357 ac
929 2329 963 2357 ad
974 2336 1021 2356 eos

236 2382 326 2409 usque
344 2376 489 2410 benignam
506 2376 559 2403 illis
581 2383 692 2403 manum
710 2376 893 2412 porrigentem
908 2375 1022 2403 descen-

236 2419 321 2448 disse.
337 2420 454 2456 Angelos
471 2421 535 2448 item
551 2429 613 2448 cum
631 2421 691 2456 ipso
701 2422 793 2454 simul,
809 2421 891 2449 alium
913 2421 1023 2449 aliunde

236 2470 421 2497 assumentes.
444 2474 494 2501 pro
517 2466 585 2494 viris
616 2467 671 2495 illis
700 2466 846 2501 restitisse,
874 2466 1022 2502 Jesumque

235 2510 325 2544 Carpo
339 2517 422 2538 manu
441 2511 530 2539 adhuc
541 2515 652 2539 extenta
668 2511 770 2540 dixisse
787 2521 793 2538 :
810 2521 819 2537 i
835 2511 1022 2548 Deinceps’me

236 2556 375 2583 boatiliter
390 2561 511 2591 percute,
533 2561 647 2592 paratus
662 2557 736 2584 enim
763 2564 824 2585 sum
839 2564 889 2592 pro
905 2557 1023 2584 homini-

235 2603 289 2631 bus
302 2603 399 2630 iterum
415 2604 559 2632 servandis
576 2607 692 2630 mortem
719 2607 859 2638 oppetere.
877 2602 934 2630 Hoc
955 2604 1022 2631 mihi

1079 1589 1264 1621 ὑπωθοῦντας,
1290 1590 1336 1616 καὶ
1364 1589 1580 1621 καταπαίοντας·
1607 1589 1713 1616 ἐδόκουν
1740 1590 1770 1617 δὲ
1796 1589 1870 1618 εἶναι

1082 1635 1151 1671 πρὸς
1179 1634 1210 1661 τὺ
1232 1636 1325 1661 πεσεῖν
1356 1634 1454 1661 ἐκεῖνοι
1479 1634 1515 1661 τὰ
1547 1635 1595 1670 μὲν
1623 1635 1751 1668 ἄκοντες,
1777 1636 1814 1663 τὰ
1840 1636 1870 1662 δὲ

1077 1680 1124 1707 καὶ
1154 1680 1280 1713 ἑκόντες,
1314 1680 1366 1707 ὑπὸ
1400 1680 1447 1707 τοῦ
1477 1680 1563 1708 κακοῦ
1594 1681 1652 1716 ἅμα
1685 1683 1745 1708 κατ’
1776 1682 1870 1716 ὀλίγον

1084 1725 1235 1762 βιαζόμενοι
1263 1726 1311 1753 καὶ
1343 1726 1507 1761 πειθόμενοι.
1534 1727 1630 1761 Ἔλεγε
1656 1727 1684 1754 δὲ
1713 1729 1727 1754 6
1750 1728 1870 1763 Κάρπος

1077 1772 1172 1799 ἑαυτὸν
1183 1771 1293 1807 ἥδεσθαι
1315 1772 1389 1799 κάτω
1406 1772 1546 1807 βλέποντα,
1563 1772 1617 1799 τῶν
1636 1772 1691 1800 ἄνω
1703 1773 1731 1799 δὲ
1742 1773 1870 1808 ἀμελεῖν,

1076 1825 1260 1861 δυσχεραίνειν
1276 1825 1305 1852 δὲ
1321 1826 1367 1851 καὶ
1391 1825 1541 1861 ὀλιγωρεῖν,
1557 1825 1598 1852 ὅτι
1625 1826 1661 1862 μὴ
1687 1826 1872 1854 πεπτώκασιν

1077 1872 1141 1908 ἤδη·
1160 1872 1206 1899 καὶ
1218 1871 1258 1908 τῷ
1273 1872 1415 1908 πράγματι
1429 1872 1557 1904 πολλάκις
1576 1872 1727 1908 ἐνθέμενον,
1746 1873 1795 1900 καὶ
1806 1874 1876 1900 ἀόυ-”

1076 1918 1240 1953 νατήσαντα,
1256 1918 1305 1946 καὶ
1327 1917 1502 1953 ἀχθεσθῆναι,
1524 1918 1571 1945 καὶ
1596 1918 1806 1954 ἐπαράσασθαι·
1825 1920 1874 1946 καὶ

1075 1963 1261 1991 ἀνανεύσαντα
1285 1963 1370 2000 μόλις,
1399 1963 1461 1990 ἰδεῖν
1491 1964 1539 1999 μὲν
1567 1962 1645 1996 αὖθις
1667 1965 1713 1991 τὸν
1738 1965 1873 2001 οὐρανὸν,

1077 2008 1171 2044 ὥσπερ
1182 2009 1213 2035 τὸ
1231 2010 1363 2045 πρότερον
1385 2009 1511 2044 ἑωράκει,
1527 2009 1572 2035 τὸν
1596 2009 1625 2036 δὲ
1647 2009 1763 2045 Ἰησοῦν,
1787 2011 1875 2047 ἐλεή-

1077 2061 1161 2079 σαντα
1182 2054 1213 2080 τὺ
1232 2054 1381 2089 γινόμενον,
1396 2053 1572 2088 ἐξαναστῆναι
1596 2053 1643 2080 τοῦ
1667 2055 1876 2090 ὑπερουρανξον

1077 2098 1182 2135 θρόνου,
1204 2099 1252 2126 καὶ
1271 2099 1323 2130 ἓως
1352 2099 1440 2125 αὐτῶν
1463 2098 1629 2130 καταϐάντα,
1655 2101 1734 2135 χεῖρα
1758 2101 1878 2138 ἀγαθὴν

1076 2145 1182 2180 ὀρέγειν
1192 2166 1199 2178 ,
1218 2146 1339 2177 καὶτοὺς
1354 2145 1485 2180 ἀγγέλους
1502 2145 1576 2180 αὑτῷ
1594 2145 1881 2183 ωνεπιλαμὸανομέ-

1076 2199 1148 2223 νους,
1166 2191 1243 2218 ἄλλον
1259 2191 1369 2218 ἄλλοθεν
1392 2190 1549 2225 ἀντέχεσθαι
1564 2192 1620 2217 τοῖν
1632 2191 1749 2226 ἀνδροῖν,
1762 2193 1819 2219 καὶ
1836 2195 1876 2219 ει-

1041 2227 1062 2254 Ῑ)
1078 2238 1139 2263 πεῖν
1161 2236 1200 2272 τῷ
1212 2237 1317 2272 Κάρπῳ
1329 2237 1374 2263 τὸν
1395 2236 1508 2272 Ἰησοῦν,
1522 2236 1572 2271 τῆς
1585 2236 1675 2272 χειρὸς
1688 2236 1739 2272 ήδη
1763 2246 1879 2274 προ-εει

1076 2283 1195 2318 ταμένης
1206 2292 1212 2297 ·
1236 2292 1245 2309 ‹
1259 2283 1327 2309 Παῖε
1341 2282 1400 2309 κατ’
1414 2282 1481 2318 ἐμοῦ
1499 2281 1606 2309 λοιπόν·
1620 2282 1730 2317 ἕτοιμος
1739 2282 1801 2318 γάρ
1815 2284 1879 2316 εἰμι

1076 2328 1124 2355 καὶ
1136 2326 1213 2359 αὖθις
1221 2328 1291 2364 ὑπὲρ
1307 2327 1456 2363 ἀνθρώπων
1472 2327 1685 2363 ἀνασωζομένων
1696 2327 1812 2360 παθεῖν,
1828 2331 1882 2356 καὶ

1077 2373 1224 2409 προσφιλές
1242 2382 1286 2409 μοι
1308 2373 1397 2404 τοῦτο,
1422 2373 1459 2410 μὴ
1483 2373 1569 2401 ἄλλων
1590 2373 1811 2409 ἁμαρτανόντων
1826 2376 1882 2402 ἀν-

1078 2418 1204 2453 θρώπων.
1227 2418 1399 2455 Πλὴνὸρα,εἰ
1417 2418 1507 2450 καλῶς
1522 2418 1578 2454 ἔχει
1598 2426 1638 2445 σοι
1658 2419 1707 2454 τὴν
1724 2419 1753 2445 ὲν
1764 2420 1812 2454 τῷ
1826 2422 1882 2456 χά-

1077 2473 1160 2500 σματι
1188 2465 1235 2491 καὶ
1260 2464 1327 2500 μετὰ
1354 2464 1408 2491 τῶν
1432 2465 1519 2499 ὕφεων
1541 2463 1622 2499 μονὴν
1646 2463 1883 2498 ἀνταλλάξασθαι

1075 2510 1126 2545 τῆς
1153 2509 1221 2545 μετὰ
1241 2509 1308 2536 Θεοῦ
1325 2509 1371 2536 καὶ
1394 2508 1448 2535 τῶν
1475 2507 1585 2543 ἀγαθῶν
1602 2508 1648 2534 καὶ
1664 2509 1883 2545 φιλανθρώπων

1075 2555 1208 2590 ἀγγέλων.
1223 2565 1231 2580 ι
1250 2554 1341 2581 Ταῦτά
1351 2555 1423 2580 ἐστιν
1431 2553 1449 2580 ἃ
1458 2553 1513 2588 ἐγὼ
1524 2553 1659 2588 ἀκηκοὼς,
1669 2555 1799 2581 πιστεύω
1810 2556 1883 2591 ἁλη-

1075 2605 1109 2640 θῆ
1129 2603 1207 2632 εἷναι.

235 2653 392 2685 pergratum
417 2649 509 2682 fuerit,
525 2650 590 2677 dum
608 2656 642 2676 ne
651 2649 742 2676 caeteri
759 2649 883 2676 homines
894 2654 1017 2683 peccent.
1035 2650 1141 2678 Intuere
1154 2655 1283 2686 praeterea
1299 2658 1362 2678 num
1375 2650 1438 2677 usui
1460 2650 1508 2677 tibi
1530 2649 1649 2676 futurum
1681 2650 1728 2681 sit,
1754 2650 1815 2677 hoc
1848 2651 1881 2676 in

235 2695 288 2722 hac
305 2695 434 2730 voragine
449 2699 477 2722 et
491 2703 554 2723 cum
571 2695 744 2730 serpentibus
770 2694 948 2728 domicilium,
964 2703 1025 2723 eum
1048 2697 1095 2724 Dei
1112 2705 1143 2724 ac
1156 2698 1300 2729 bonorum,
1329 2701 1356 2725 et
1384 2697 1496 2724 humani
1519 2697 1626 2733 generis
1656 2697 1877 2732 peramantium

234 2739 394 2774 angelorum
413 2741 552 2768 consortio
567 2744 732 2776 permutare.
746 2750 755 2766 ι
773 2740 836 2768 Haec
847 2744 911 2769 sunt
926 2749 985 2777 quae
995 2750 1044 2777 ego
1057 2743 1160 2775 audivi,
1172 2751 1291 2778 veraque
1306 2751 1368 2771 esse
1378 2743 1470 2771 credo.

268 2821 387 2850 Omnino
406 2831 473 2853 sane
497 2825 525 2852 ln
549 2824 707 2852 admiranda
729 2825 774 2853 illa
791 2825 896 2855 visione
914 2826 1017 2860 divina,

1113 2827 1265 2863 Ἡγάσθητε
1283 2827 1315 2863 δὴ
1331 2827 1442 2859 πάντως
1457 2827 1504 2853 τοῦ
1523 2826 1644 2859 ἀξιοοὲου
1662 2827 1828 2863 ἀρχιερέως
1848 2825 1883 2850 τδ

234 2866 394 2901 amplissimi
415 2870 563 2899 sacerdotis
579 2871 751 2899 clementiam
769 2872 843 2900 circa
864 2880 949 2908 genus
964 2873 1016 2900 hu-

1079 2875 1134 2910 τερὶ
1145 2874 1175 2900 τὸ
1189 2874 1324 2909 ὁμόφυλον
1341 2873 1480 2909 συμπαθὲς
1496 2873 1544 2908 οὐχ
1554 2870 1635 2908 ἧττον
1650 2873 1667 2907 ἢ
1684 2873 1735 2908 τὴν
1752 2873 1811 2900 τοῦ
1830 2873 1882 2900 ἀν-
