  <div class='ocr_page' id='page_1' title='image "/cluster/home/n/w/nwhite01/storage/ocr_20150623/4/njp.32101010944526/336.png"; bbox 0 0 1950 3065; ppageno 0'>
   <div class='ocr_carea' id='block_1_1' title="bbox 611 107 640 116">
    <p class='ocr_par' dir='ltr' id='par_1_1' title="bbox 611 107 640 116">
     <span class='ocr_line' id='line_1_1' title="bbox 611 107 640 116; baseline 0.034 -1"><span class='ocrx_word' id='word_1_1' title='bbox 611 107 640 116; x_wconf 66' lang='grc' dir='ltr'>,ν</span> 
     </span>
    </p>
   </div>
   <div class='ocr_carea' id='block_1_2' title="bbox 134 159 186 187">
    <p class='ocr_par' dir='ltr' id='par_1_2' title="bbox 134 159 186 187">
     <span class='ocr_line' id='line_1_2' title="bbox 134 159 186 187; baseline 0 0"><span class='ocrx_word' id='word_1_2' title='bbox 134 159 186 187; x_wconf 73' lang='lat'><strong>653</strong></span> 
     </span>
    </p>
   </div>
   <div class='ocr_carea' id='block_1_3' title="bbox 587 160 1239 194">
    <p class='ocr_par' dir='ltr' id='par_1_3' title="bbox 587 160 1239 194">
     <span class='ocr_line' id='line_1_3' title="bbox 587 160 1239 194; baseline 0.003 -6"><span class='ocrx_word' id='word_1_3' title='bbox 587 160 678 194; x_wconf 79' lang='lat' dir='ltr'><strong>VlTA,</strong></span> <span class='ocrx_word' id='word_1_4' title='bbox 696 160 859 190; x_wconf 74' lang='lat' dir='ltr'><strong>AUCTORE</strong></span> <span class='ocrx_word' id='word_1_5' title='bbox 876 160 1051 188; x_wconf 82' lang='lat' dir='ltr'><strong>MICHAELE</strong></span> <span class='ocrx_word' id='word_1_6' title='bbox 1068 160 1239 190; x_wconf 79' lang='lat' dir='ltr'><strong>SYNGELO.</strong></span> 
     </span>
    </p>
   </div>
   <div class='ocr_carea' id='block_1_4' title="bbox 1701 163 1752 191">
    <p class='ocr_par' dir='ltr' id='par_1_4' title="bbox 1701 163 1752 191">
     <span class='ocr_line' id='line_1_4' title="bbox 1701 163 1752 191; baseline 0 0"><span class='ocrx_word' id='word_1_7' title='bbox 1701 163 1752 191; x_wconf 68' lang='lat'><strong>65‘</strong></span> 
     </span>
    </p>
   </div>
   <div class='ocr_carea' id='block_1_5' title="bbox 131 217 907 256">
    <p class='ocr_par' dir='ltr' id='par_1_5' title="bbox 131 217 907 256">
     <span class='ocr_line' id='line_1_5' title="bbox 131 217 907 256; baseline -0.003 -11"><span class='ocrx_word' id='word_1_8' title='bbox 131 227 187 251; x_wconf 84' lang='grc' dir='ltr'><strong>τως</strong></span> <span class='ocrx_word' id='word_1_9' title='bbox 211 217 313 253; x_wconf 79' lang='grc' dir='ltr'><strong>ἀγαθοῦ</strong></span> <span class='ocrx_word' id='word_1_10' title='bbox 333 218 380 246; x_wconf 77' lang='grc' dir='ltr'><strong>καὶ</strong></span> <span class='ocrx_word' id='word_1_11' title='bbox 408 218 627 255; x_wconf 84' lang='grc' dir='ltr'>θεαρχικωτάτου</span> <span class='ocrx_word' id='word_1_12' title='bbox 653 218 779 256; x_wconf 87' lang='grc' dir='ltr'>ἱεράρχου</span> <span class='ocrx_word' id='word_1_13' title='bbox 800 218 907 255; x_wconf 82' lang='grc' dir='ltr'>Χριστοί</span> 
     </span>
    </p>
   </div>
   <div class='ocr_carea' id='block_1_6' title="bbox 957 217 1752 256">
    <p class='ocr_par' dir='ltr' id='par_1_6' title="bbox 970 217 1752 255">
     <span class='ocr_line' id='line_1_6' title="bbox 970 217 1752 255; baseline 0.005 -10"><span class='ocrx_word' id='word_1_14' title='bbox 970 225 1081 246; x_wconf 90' lang='lat' dir='ltr'><strong>manum</strong></span> <span class='ocrx_word' id='word_1_15' title='bbox 1105 227 1159 246; x_wconf 94' lang='lat' dir='ltr'><strong>non</strong></span> <span class='ocrx_word' id='word_1_16' title='bbox 1176 219 1267 246; x_wconf 89' lang='lat' dir='ltr'><strong>minus</strong></span> <span class='ocrx_word' id='word_1_17' title='bbox 1290 217 1415 246; x_wconf 76' lang='lat' dir='ltr'><strong>admirati</strong></span> <span class='ocrx_word' id='word_1_18' title='bbox 1433 219 1500 248; x_wconf 88' lang='lat' dir='ltr'><strong>estis</strong></span> <span class='ocrx_word' id='word_1_19' title='bbox 1511 241 1518 254; x_wconf 92' lang='lat'><strong>,</strong></span> <span class='ocrx_word' id='word_1_20' title='bbox 1534 228 1615 255; x_wconf 85' lang='lat' dir='ltr'><strong>quam</strong></span> <span class='ocrx_word' id='word_1_21' title='bbox 1630 220 1752 249; x_wconf 75' lang='lat' dir='ltr'><strong>clement-</strong></span> 
     </span>
    </p>
   </div>
   <div class='ocr_carea' id='block_1_7' title="bbox 132 264 914 301">
    <p class='ocr_par' dir='ltr' id='par_1_7' title="bbox 132 264 914 301">
     <span class='ocr_line' id='line_1_7' title="bbox 132 264 914 301; baseline -0.001 -10"><span class='ocrx_word' id='word_1_22' title='bbox 132 265 197 301; x_wconf 79' lang='grc' dir='ltr'>περὶ</span> <span class='ocrx_word' id='word_1_23' title='bbox 213 266 285 300; x_wconf 77' lang='grc' dir='ltr'>ἡμᾶς</span> <span class='ocrx_word' id='word_1_24' title='bbox 305 265 477 300; x_wconf 87' lang='grc' dir='ltr'>ἀγαθότητα,</span> <span class='ocrx_word' id='word_1_25' title='bbox 493 265 544 300; x_wconf 87' lang='grc' dir='ltr'>τῆς</span> <span class='ocrx_word' id='word_1_26' title='bbox 559 265 773 300; x_wconf 80' lang='grc' dir='ltr'>άξιοθαυμάστου</span> <span class='ocrx_word' id='word_1_27' title='bbox 789 264 914 296; x_wconf 84' lang='grc' dir='ltr'>θεοπτίας</span> 
     </span>
    </p>
   </div>
   <div class='ocr_carea' id='block_1_8' title="bbox 131 308 913 346">
    <p class='ocr_par' dir='ltr' id='par_1_8' title="bbox 131 308 913 346">
     <span class='ocr_line' id='line_1_8' title="bbox 131 308 913 346; baseline -0.003 -9"><span class='ocrx_word' id='word_1_28' title='bbox 131 309 235 345; x_wconf 79' lang='grc' dir='ltr'><strong>ταύτης</strong></span> <span class='ocrx_word' id='word_1_29' title='bbox 251 310 413 346; x_wconf 87' lang='grc' dir='ltr'>πυθόμενοι·</span> <span class='ocrx_word' id='word_1_30' title='bbox 430 310 476 337; x_wconf 77' lang='grc' dir='ltr'><strong>καὶ</strong></span> <span class='ocrx_word' id='word_1_31' title='bbox 497 311 539 339; x_wconf 75' lang='grc' dir='ltr'><strong>ἐτι</strong></span> <span class='ocrx_word' id='word_1_32' title='bbox 557 309 686 346; x_wconf 81' lang='grc' dir='ltr'><strong>μειζόνως</strong></span> <span class='ocrx_word' id='word_1_33' title='bbox 708 308 913 345; x_wconf 86' lang='grc' dir='ltr'>ἀγασθήσεσθε,</span> 
     </span>
    </p>
   </div>
   <div class='ocr_carea' id='block_1_9' title="bbox 132 355 913 391">
    <p class='ocr_par' dir='ltr' id='par_1_9' title="bbox 132 355 913 391">
     <span class='ocr_line' id='line_1_9' title="bbox 132 355 913 391; baseline -0.003 -8"><span class='ocrx_word' id='word_1_34' title='bbox 132 357 158 383; x_wconf 73' lang='grc' dir='ltr'><strong>εί</strong></span> <span class='ocrx_word' id='word_1_35' title='bbox 180 356 235 383; x_wconf 79' lang='grc' dir='ltr'>τῶν</span> <span class='ocrx_word' id='word_1_36' title='bbox 251 356 435 383; x_wconf 75' lang='grc' dir='ltr'>ἀποπολικῶν</span> <span class='ocrx_word' id='word_1_37' title='bbox 456 355 579 390; x_wconf 81' lang='grc' dir='ltr'><strong>ἀγώνων,</strong></span> <span class='ocrx_word' id='word_1_38' title='bbox 602 356 650 382; x_wconf 71' lang='grc' dir='ltr'>καὶ</span> <span class='ocrx_word' id='word_1_39' title='bbox 673 355 780 391; x_wconf 82' lang='grc' dir='ltr'><strong>δρόμων</strong></span> <span class='ocrx_word' id='word_1_40' title='bbox 802 355 849 382; x_wconf 73' lang='grc' dir='ltr'>καὶ</span> <span class='ocrx_word' id='word_1_41' title='bbox 864 363 913 390; x_wconf 86' lang='grc' dir='ltr'><strong>χα-</strong></span> 
     </span>
    </p>
   </div>
   <div class='ocr_carea' id='block_1_10' title="bbox 133 400 914 439">
    <p class='ocr_par' dir='ltr' id='par_1_10' title="bbox 133 400 914 439">
     <span class='ocr_line' id='line_1_10' title="bbox 133 400 914 439; baseline -0.003 -10"><span class='ocrx_word' id='word_1_42' title='bbox 133 402 272 439; x_wconf 86' lang='grc' dir='ltr'>ρισμάτων</span> <span class='ocrx_word' id='word_1_43' title='bbox 294 402 442 429; x_wconf 78' lang='grc' dir='ltr'><strong>ἀκούσεσθε</strong></span> <span class='ocrx_word' id='word_1_44' title='bbox 454 421 462 434; x_wconf 85' lang='grc'><strong>,</strong></span> <span class='ocrx_word' id='word_1_45' title='bbox 482 400 523 434; x_wconf 78' lang='grc' dir='ltr'><strong>οἷς</strong></span> <span class='ocrx_word' id='word_1_46' title='bbox 545 401 754 436; x_wconf 78' lang='grc' dir='ltr'>καταγλαῖσθεὶς</span> <span class='ocrx_word' id='word_1_47' title='bbox 774 401 835 428; x_wconf 82' lang='grc' dir='ltr'>καθ’</span> <span class='ocrx_word' id='word_1_48' title='bbox 850 401 914 434; x_wconf 81' lang='grc' dir='ltr'>ὅλην</span> 
     </span>
    </p>
   </div>
   <div class='ocr_carea' id='block_1_11' title="bbox 131 445 914 484">
    <p class='ocr_par' dir='ltr' id='par_1_11' title="bbox 131 445 914 484">
     <span class='ocr_line' id='line_1_11' title="bbox 131 445 914 484; baseline -0.001 -10"><span class='ocrx_word' id='word_1_49' title='bbox 131 447 181 483; x_wconf 84' lang='grc' dir='ltr'>τὴν</span> <span class='ocrx_word' id='word_1_50' title='bbox 204 448 365 484; x_wconf 75' lang='grc' dir='ltr'><strong>οἰκουμένην</strong></span> <span class='ocrx_word' id='word_1_51' title='bbox 386 447 540 484; x_wconf 74' lang='grc' dir='ltr'>διέλαμψεν.</span> <span class='ocrx_word' id='word_1_52' title='bbox 574 447 610 475; x_wconf 82' lang='grc' dir='ltr'><strong>Οὐ</strong></span> <span class='ocrx_word' id='word_1_53' title='bbox 633 447 687 483; x_wconf 80' lang='grc' dir='ltr'>γὰρ</span> <span class='ocrx_word' id='word_1_54' title='bbox 710 447 855 482; x_wconf 86' lang='grc' dir='ltr'>Ἀθηναίων</span> <span class='ocrx_word' id='word_1_55' title='bbox 880 445 914 482; x_wconf 81' lang='grc' dir='ltr'>ἦν</span> 
     </span>
    </p>
   </div>
   <div class='ocr_carea' id='block_1_12' title="bbox 132 492 913 530">
    <p class='ocr_par' dir='ltr' id='par_1_12' title="bbox 132 492 913 530">
     <span class='ocr_line' id='line_1_12' title="bbox 132 492 913 530; baseline -0.003 -10"><span class='ocrx_word' id='word_1_56' title='bbox 132 493 232 530; x_wconf 86' lang='grc' dir='ltr'>ποιμὴν</span> <span class='ocrx_word' id='word_1_57' title='bbox 248 494 295 520; x_wconf 79' lang='grc' dir='ltr'>καὶ</span> <span class='ocrx_word' id='word_1_58' title='bbox 314 493 473 525; x_wconf 84' lang='grc' dir='ltr'>διδάσκαλος</span> <span class='ocrx_word' id='word_1_59' title='bbox 490 494 586 530; x_wconf 88' lang='grc' dir='ltr'>μόνον,</span> <span class='ocrx_word' id='word_1_60' title='bbox 609 493 678 520; x_wconf 77' lang='grc' dir='ltr'>ἀλλὰ</span> <span class='ocrx_word' id='word_1_61' title='bbox 695 493 741 520; x_wconf 78' lang='grc' dir='ltr'><strong>καὶ</strong></span> <span class='ocrx_word' id='word_1_62' title='bbox 756 492 913 524; x_wconf 81' lang='grc' dir='ltr'>δ.δάσκαλος</span> 
     </span>
    </p>
   </div>
   <div class='ocr_carea' id='block_1_13' title="bbox 131 539 913 576">
    <p class='ocr_par' dir='ltr' id='par_1_13' title="bbox 131 539 913 576">
     <span class='ocr_line' id='line_1_13' title="bbox 131 539 913 576; baseline -0.003 -9"><span class='ocrx_word' id='word_1_63' title='bbox 131 540 306 572; x_wconf 80' lang='grc' dir='ltr'><strong>διδασκάλων,</strong></span> <span class='ocrx_word' id='word_1_64' title='bbox 319 541 364 567; x_wconf 78' lang='grc' dir='ltr'><strong>καὶ</strong></span> <span class='ocrx_word' id='word_1_65' title='bbox 382 539 482 576; x_wconf 78' lang='grc' dir='ltr'>ποιμὴν</span> <span class='ocrx_word' id='word_1_66' title='bbox 498 539 641 575; x_wconf 80' lang='grc' dir='ltr'>ποιμένων,</span> <span class='ocrx_word' id='word_1_67' title='bbox 657 540 703 566; x_wconf 83' lang='grc' dir='ltr'><strong>καί</strong></span> <span class='ocrx_word' id='word_1_68' title='bbox 718 539 857 575; x_wconf 81' lang='grc' dir='ltr'>διαιτητὴς</span> <span class='ocrx_word' id='word_1_69' title='bbox 868 539 913 566; x_wconf 77' lang='grc' dir='ltr'>καὶ</span> 
     </span>
    </p>
   </div>
   <div class='ocr_carea' id='block_1_14' title="bbox 132 584 914 622">
    <p class='ocr_par' dir='ltr' id='par_1_14' title="bbox 132 584 914 622">
     <span class='ocr_line' id='line_1_14' title="bbox 132 584 914 622; baseline -0.001 -10"><span class='ocrx_word' id='word_1_70' title='bbox 132 585 310 621; x_wconf 74' lang='grc' dir='ltr'>θεσμοθέτης·</span> <span class='ocrx_word' id='word_1_71' title='bbox 336 586 396 613; x_wconf 75' lang='grc' dir='ltr'>οὐδὲ</span> <span class='ocrx_word' id='word_1_72' title='bbox 420 585 516 622; x_wconf 81' lang='grc' dir='ltr'><strong>μέχρις</strong></span> <span class='ocrx_word' id='word_1_73' title='bbox 539 585 661 617; x_wconf 74' lang='grc' dir='ltr'>Ἑλλάδος</span> <span class='ocrx_word' id='word_1_74' title='bbox 683 586 697 611; x_wconf 89' lang='grc' dir='ltr'><strong>ό</strong></span> <span class='ocrx_word' id='word_1_75' title='bbox 719 585 817 621; x_wconf 85' lang='grc' dir='ltr'><strong>δρόμος</strong></span> <span class='ocrx_word' id='word_1_76' title='bbox 840 584 914 620; x_wconf 86' lang='grc' dir='ltr'>αὺτῷ</span> 
     </span>
    </p>
   </div>
   <div class='ocr_carea' id='block_1_15' title="bbox 131 629 913 668">
    <p class='ocr_par' dir='ltr' id='par_1_15' title="bbox 131 629 913 668">
     <span class='ocr_line' id='line_1_15' title="bbox 131 629 913 668; baseline -0.001 -10"><span class='ocrx_word' id='word_1_77' title='bbox 131 632 306 668; x_wconf 85' lang='grc' dir='ltr'>περιώριστο,</span> <span class='ocrx_word' id='word_1_78' title='bbox 320 631 389 658; x_wconf 73' lang='grc' dir='ltr'>ἀλλὰ</span> <span class='ocrx_word' id='word_1_79' title='bbox 401 631 448 658; x_wconf 75' lang='grc' dir='ltr'>καὶ</span> <span class='ocrx_word' id='word_1_80' title='bbox 467 631 547 668; x_wconf 78' lang='grc' dir='ltr'>μέχρι</span> <span class='ocrx_word' id='word_1_81' title='bbox 563 631 610 658; x_wconf 86' lang='grc' dir='ltr'>τοῦ</span> <span class='ocrx_word' id='word_1_82' title='bbox 627 630 782 667; x_wconf 82' lang='grc' dir='ltr'>Ἰλλυρικοῦ,</span> <span class='ocrx_word' id='word_1_83' title='bbox 791 629 838 657; x_wconf 76' lang='grc' dir='ltr'>τοῦ</span> <span class='ocrx_word' id='word_1_84' title='bbox 847 630 913 657; x_wconf 89' lang='grc' dir='ltr'>καθ-</span> 
     </span>
    </p>
   </div>
   <div class='ocr_carea' id='block_1_16' title="bbox 130 675 913 714">
    <p class='ocr_par' dir='ltr' id='par_1_16' title="bbox 130 675 913 714">
     <span class='ocr_line' id='line_1_16' title="bbox 130 675 913 714; baseline -0.004 -10"><span class='ocrx_word' id='word_1_85' title='bbox 130 678 263 714; x_wconf 86' lang='grc' dir='ltr'>ηγεμόνος</span> <span class='ocrx_word' id='word_1_86' title='bbox 294 676 376 704; x_wconf 75' lang='grc' dir='ltr'>αὑτοῦ</span> <span class='ocrx_word' id='word_1_87' title='bbox 408 677 454 704; x_wconf 77' lang='grc' dir='ltr'><strong>καὶ</strong></span> <span class='ocrx_word' id='word_1_88' title='bbox 481 677 615 713; x_wconf 73' lang='grc' dir='ltr'>ἱεροθέτω</span> <span class='ocrx_word' id='word_1_89' title='bbox 638 676 744 702; x_wconf 80' lang='grc' dir='ltr'><strong>Παύλου</strong></span> <span class='ocrx_word' id='word_1_90' title='bbox 768 675 913 712; x_wconf 78' lang='grc' dir='ltr'>παραπλή-</span> 
     </span>
    </p>
   </div>
   <div class='ocr_carea' id='block_1_17' title="bbox 132 721 913 759">
    <p class='ocr_par' dir='ltr' id='par_1_17' title="bbox 132 721 913 759">
     <span class='ocr_line' id='line_1_17' title="bbox 132 721 913 759; baseline -0.004 -9"><span class='ocrx_word' id='word_1_91' title='bbox 132 733 197 756; x_wconf 87' lang='grc' dir='ltr'>σιος.</span> <span class='ocrx_word' id='word_1_92' title='bbox 218 723 409 759; x_wconf 73' lang='grc' dir='ltr'>Ἀτεοστολικὴν</span> <span class='ocrx_word' id='word_1_93' title='bbox 426 722 480 759; x_wconf 79' lang='grc' dir='ltr'>γὰρ</span> <span class='ocrx_word' id='word_1_94' title='bbox 497 723 576 758; x_wconf 74' lang='grc' dir='ltr'>χάριν</span> <span class='ocrx_word' id='word_1_95' title='bbox 599 722 645 749; x_wconf 76' lang='grc' dir='ltr'>καὶ</span> <span class='ocrx_word' id='word_1_96' title='bbox 663 721 784 757; x_wconf 80' lang='grc' dir='ltr'>σημείων</span> <span class='ocrx_word' id='word_1_97' title='bbox 800 721 913 756; x_wconf 86' lang='grc' dir='ltr'>δύναμιν</span> 
     </span>
    </p>
   </div>
   <div class='ocr_carea' id='block_1_18' title="bbox 130 766 914 805">
    <p class='ocr_par' dir='ltr' id='par_1_18' title="bbox 130 766 914 805">
     <span class='ocr_line' id='line_1_18' title="bbox 130 766 914 805; baseline -0.005 -8"><span class='ocrx_word' id='word_1_98' title='bbox 130 769 257 805; x_wconf 79' lang='grc' dir='ltr'>εἰληφὼς,</span> <span class='ocrx_word' id='word_1_99' title='bbox 273 769 470 801; x_wconf 85' lang='grc' dir='ltr'>άποστολικῶς,</span> <span class='ocrx_word' id='word_1_100' title='bbox 488 766 531 796; x_wconf 76' lang='grc' dir='ltr'>οἷά</span> <span class='ocrx_word' id='word_1_101' title='bbox 546 777 589 800; x_wconf 87' lang='grc' dir='ltr'><strong>τις</strong></span> <span class='ocrx_word' id='word_1_102' title='bbox 604 767 715 804; x_wconf 82' lang='grc' dir='ltr'><strong>πτηνὸς,</strong></span> <span class='ocrx_word' id='word_1_103' title='bbox 733 767 849 794; x_wconf 84' lang='grc' dir='ltr'><strong>πάντοσε</strong></span> <span class='ocrx_word' id='word_1_104' title='bbox 865 767 914 794; x_wconf 86' lang='grc' dir='ltr'>διέ-</span> 
     </span>
    </p>
   </div>
   <div class='ocr_carea' id='block_1_19' title="bbox 128 813 913 852">
    <p class='ocr_par' dir='ltr' id='par_1_19' title="bbox 128 813 913 852">
     <span class='ocr_line' id='line_1_19' title="bbox 128 813 913 852; baseline -0.004 -10"><span class='ocrx_word' id='word_1_105' title='bbox 128 816 209 852; x_wconf 81' lang='grc' dir='ltr'>τρεχέ</span> <span class='ocrx_word' id='word_1_106' title='bbox 224 824 265 848; x_wconf 89' lang='grc' dir='ltr'><strong>τε,</strong></span> <span class='ocrx_word' id='word_1_107' title='bbox 290 815 337 842; x_wconf 78' lang='grc' dir='ltr'>καὶ</span> <span class='ocrx_word' id='word_1_108' title='bbox 351 815 381 841; x_wconf 79' lang='grc' dir='ltr'>τὸ</span> <span class='ocrx_word' id='word_1_109' title='bbox 404 815 455 850; x_wconf 76' lang='grc' dir='ltr'>τῆς</span> <span class='ocrx_word' id='word_1_110' title='bbox 478 814 563 846; x_wconf 75' lang='grc' dir='ltr'>ὅντως</span> <span class='ocrx_word' id='word_1_111' title='bbox 579 813 651 849; x_wconf 79' lang='grc' dir='ltr'>ζωῆς</span> <span class='ocrx_word' id='word_1_112' title='bbox 669 813 832 848; x_wconf 77' lang='grc' dir='ltr'>Εὑαγγέλιον</span> <span class='ocrx_word' id='word_1_113' title='bbox 850 814 913 850; x_wconf 78' lang='grc' dir='ltr'>ἐκή-</span> 
     </span>
    </p>
   </div>
   <div class='ocr_carea' id='block_1_20' title="bbox 131 860 913 898">
    <p class='ocr_par' dir='ltr' id='par_1_20' title="bbox 131 860 913 898">
     <span class='ocr_line' id='line_1_20' title="bbox 131 860 913 898; baseline -0.004 -9"><span class='ocrx_word' id='word_1_114' title='bbox 131 871 241 898; x_wconf 89' lang='grc' dir='ltr'>ρυττεν,</span> <span class='ocrx_word' id='word_1_115' title='bbox 255 861 443 893; x_wconf 85' lang='grc' dir='ltr'>ἀποστολικαῖς</span> <span class='ocrx_word' id='word_1_116' title='bbox 460 861 589 896; x_wconf 79' lang='grc' dir='ltr'><strong>σαγήναις</strong></span> <span class='ocrx_word' id='word_1_117' title='bbox 603 860 649 887; x_wconf 77' lang='grc' dir='ltr'>καὶ</span> <span class='ocrx_word' id='word_1_118' title='bbox 666 860 815 896; x_wconf 81' lang='grc' dir='ltr'>πανάγροις</span> <span class='ocrx_word' id='word_1_119' title='bbox 830 860 913 892; x_wconf 85' lang='grc' dir='ltr'>λίνοις</span> 
     </span>
    </p>
   </div>
   <div class='ocr_carea' id='block_1_21' title="bbox 964 263 1753 300">
    <p class='ocr_par' dir='ltr' id='par_1_21' title="bbox 964 263 1753 300">
     <span class='ocr_line' id='line_1_21' title="bbox 964 263 1753 300; baseline 0.006 -10"><span class='ocrx_word' id='word_1_120' title='bbox 964 263 1065 291; x_wconf 79' lang='lat' dir='ltr'><strong>tissimi</strong></span> <span class='ocrx_word' id='word_1_121' title='bbox 1095 272 1159 300; x_wconf 76' lang='lat' dir='ltr'><strong>erga</strong></span> <span class='ocrx_word' id='word_1_122' title='bbox 1185 271 1236 292; x_wconf 86' lang='lat' dir='ltr'><strong>nos</strong></span> <span class='ocrx_word' id='word_1_123' title='bbox 1268 265 1367 291; x_wconf 91' lang='lat' dir='ltr'><strong>summi</strong></span> <span class='ocrx_word' id='word_1_124' title='bbox 1403 272 1436 291; x_wconf 86' lang='lat' dir='ltr'><strong>ac</strong></span> <span class='ocrx_word' id='word_1_125' title='bbox 1466 266 1576 293; x_wconf 77' lang='lat' dir='ltr'><strong>maximi</strong></span> <span class='ocrx_word' id='word_1_126' title='bbox 1601 267 1753 296; x_wconf 83' lang='lat' dir='ltr'><strong>sacerdotis</strong></span> 
     </span>
    </p>
   </div>
   <div class='ocr_carea' id='block_1_22' title="bbox 965 309 1753 344">
    <p class='ocr_par' dir='ltr' id='par_1_22' title="bbox 965 309 1753 344">
     <span class='ocr_line' id='line_1_22' title="bbox 965 309 1753 344; baseline 0.008 -8"><span class='ocrx_word' id='word_1_127' title='bbox 965 309 1065 337; x_wconf 84' lang='lat' dir='ltr'><strong>Christi</strong></span> <span class='ocrx_word' id='word_1_128' title='bbox 1080 309 1285 344; x_wconf 82' lang='lat' dir='ltr'><strong>benignitatem.</strong></span> <span class='ocrx_word' id='word_1_129' title='bbox 1295 309 1352 337; x_wconf 84' lang='lat' dir='ltr'><strong>Hac</strong></span> <span class='ocrx_word' id='word_1_130' title='bbox 1367 310 1458 338; x_wconf 88' lang='lat' dir='ltr'><strong>audita</strong></span> <span class='ocrx_word' id='word_1_131' title='bbox 1470 312 1659 341; x_wconf 83' lang='lat' dir='ltr'><strong>vehementius</strong></span> <span class='ocrx_word' id='word_1_132' title='bbox 1669 314 1753 342; x_wconf 87' lang='lat' dir='ltr'><strong>etiam</strong></span> 
     </span>
    </p>
   </div>
   <div class='ocr_carea' id='block_1_23' title="bbox 964 353 1753 394">
    <p class='ocr_par' dir='ltr' id='par_1_23' title="bbox 964 353 1753 394">
     <span class='ocr_line' id='line_1_23' title="bbox 964 353 1753 394; baseline 0.01 -15"><span class='ocrx_word' id='word_1_133' title='bbox 964 353 1183 385; x_wconf 85' lang='lat' dir='ltr'><strong>admirabimini,</strong></span> <span class='ocrx_word' id='word_1_134' title='bbox 1214 354 1236 381; x_wconf 89' lang='lat' dir='ltr'><strong>si</strong></span> <span class='ocrx_word' id='word_1_135' title='bbox 1260 354 1409 389; x_wconf 86' lang='lat' dir='ltr'><strong>apostolica</strong></span> <span class='ocrx_word' id='word_1_136' title='bbox 1429 357 1579 384; x_wconf 82' lang='lat' dir='ltr'><strong>certamina</strong></span> <span class='ocrx_word' id='word_1_137' title='bbox 1598 364 1753 394; x_wconf 86' lang='lat' dir='ltr'><strong>cursusque</strong></span> 
     </span>
    </p>
   </div>
   <div class='ocr_carea' id='block_1_24' title="bbox 964 398 1751 436">
    <p class='ocr_par' dir='ltr' id='par_1_24' title="bbox 964 398 1751 436">
     <span class='ocr_line' id='line_1_24' title="bbox 964 398 1751 436; baseline 0.009 -12"><span class='ocrx_word' id='word_1_138' title='bbox 964 402 1045 433; x_wconf 88' lang='lat' dir='ltr'><strong>atquc</strong></span> <span class='ocrx_word' id='word_1_139' title='bbox 1061 398 1131 425; x_wconf 84' lang='lat' dir='ltr'><strong>dona</strong></span> <span class='ocrx_word' id='word_1_140' title='bbox 1146 399 1268 426; x_wconf 72' lang='lat' dir='ltr'><strong>cmlestia</strong></span> <span class='ocrx_word' id='word_1_141' title='bbox 1284 399 1429 428; x_wconf 84' lang='lat' dir='ltr'><strong>audieritis</strong></span> <span class='ocrx_word' id='word_1_142' title='bbox 1439 420 1446 432; x_wconf 91' lang='lat'><strong>,</strong></span> <span class='ocrx_word' id='word_1_143' title='bbox 1460 401 1560 436; x_wconf 86' lang='lat' dir='ltr'><strong>quibus</strong></span> <span class='ocrx_word' id='word_1_144' title='bbox 1576 401 1693 432; x_wconf 84' lang='lat' dir='ltr'><strong>illustris</strong></span> <span class='ocrx_word' id='word_1_145' title='bbox 1709 403 1751 432; x_wconf 86' lang='lat' dir='ltr'><strong>fa-</strong></span> 
     </span>
    </p>
   </div>
   <div class='ocr_carea' id='block_1_25' title="bbox 963 445 1751 478">
    <p class='ocr_par' dir='ltr' id='par_1_25' title="bbox 963 445 1751 478">
     <span class='ocr_line' id='line_1_25' title="bbox 963 445 1751 478; baseline 0.01 -8"><span class='ocrx_word' id='word_1_146' title='bbox 963 447 1024 471; x_wconf 91' lang='lat' dir='ltr'><strong>ctus</strong></span> <span class='ocrx_word' id='word_1_147' title='bbox 1038 451 1087 478; x_wconf 84' lang='lat' dir='ltr'><strong>per</strong></span> <span class='ocrx_word' id='word_1_148' title='bbox 1101 447 1188 471; x_wconf 91' lang='lat' dir='ltr'><strong>totum</strong></span> <span class='ocrx_word' id='word_1_149' title='bbox 1206 445 1300 471; x_wconf 89' lang='lat' dir='ltr'><strong>orbem</strong></span> <span class='ocrx_word' id='word_1_150' title='bbox 1317 447 1452 472; x_wconf 83' lang='lat' dir='ltr'><strong>terrarum</strong></span> <span class='ocrx_word' id='word_1_151' title='bbox 1466 447 1588 475; x_wconf 87' lang='lat' dir='ltr'><strong>emicuit.</strong></span> <span class='ocrx_word' id='word_1_152' title='bbox 1606 448 1665 476; x_wconf 79' lang='lat' dir='ltr'><strong>Non</strong></span> <span class='ocrx_word' id='word_1_153' title='bbox 1676 450 1751 478; x_wconf 90' lang='lat' dir='ltr'><strong>enim</strong></span> 
     </span>
    </p>
   </div>
   <div class='ocr_carea' id='block_1_26' title="bbox 963 489 1751 528">
    <p class='ocr_par' dir='ltr' id='par_1_26' title="bbox 963 489 1751 528">
     <span class='ocr_line' id='line_1_26' title="bbox 963 489 1751 528; baseline 0.011 -13"><span class='ocrx_word' id='word_1_154' title='bbox 963 489 1170 517; x_wconf 80' lang='lat' dir='ltr'><strong>Atheniensium</strong></span> <span class='ocrx_word' id='word_1_155' title='bbox 1187 490 1276 517; x_wconf 90' lang='lat' dir='ltr'><strong>solum</strong></span> <span class='ocrx_word' id='word_1_156' title='bbox 1301 494 1396 526; x_wconf 83' lang='lat' dir='ltr'><strong>pastor</strong></span> <span class='ocrx_word' id='word_1_157' title='bbox 1415 495 1443 519; x_wconf 87' lang='lat' dir='ltr'><strong>et</strong></span> <span class='ocrx_word' id='word_1_158' title='bbox 1463 493 1592 528; x_wconf 78' lang='lat' dir='ltr'><strong>magister</strong></span> <span class='ocrx_word' id='word_1_159' title='bbox 1616 495 1684 528; x_wconf 84' lang='lat' dir='ltr'><strong>fuit,</strong></span> <span class='ocrx_word' id='word_1_160' title='bbox 1701 497 1751 524; x_wconf 85' lang='lat' dir='ltr'><strong>sed</strong></span> 
     </span>
    </p>
   </div>
   <div class='ocr_carea' id='block_1_27' title="bbox 962 536 1750 573">
    <p class='ocr_par' dir='ltr' id='par_1_27' title="bbox 962 536 1750 573">
     <span class='ocr_line' id='line_1_27' title="bbox 962 536 1750 573; baseline 0.01 -11"><span class='ocrx_word' id='word_1_161' title='bbox 962 536 1092 571; x_wconf 77' lang='lat' dir='ltr'><strong>magister</strong></span> <span class='ocrx_word' id='word_1_162' title='bbox 1108 536 1311 571; x_wconf 79' lang='lat' dir='ltr'><strong>magistrorum,</strong></span> <span class='ocrx_word' id='word_1_163' title='bbox 1327 540 1421 572; x_wconf 87' lang='lat' dir='ltr'><strong>pastor</strong></span> <span class='ocrx_word' id='word_1_164' title='bbox 1436 544 1587 573; x_wconf 85' lang='lat' dir='ltr'><strong>pastorum,</strong></span> <span class='ocrx_word' id='word_1_165' title='bbox 1602 548 1750 570; x_wconf 88' lang='lat' dir='ltr'><strong>causarum</strong></span> 
     </span>
    </p>
   </div>
   <div class='ocr_carea' id='block_1_28' title="bbox 963 580 1748 618">
    <p class='ocr_par' dir='ltr' id='par_1_28' title="bbox 963 580 1748 618">
     <span class='ocr_line' id='line_1_28' title="bbox 963 580 1748 618; baseline 0.009 -11"><span class='ocrx_word' id='word_1_166' title='bbox 963 580 1103 616; x_wconf 90' lang='lat' dir='ltr'><strong>cognitor,</strong></span> <span class='ocrx_word' id='word_1_167' title='bbox 1120 583 1147 608; x_wconf 91' lang='lat' dir='ltr'><strong>et</strong></span> <span class='ocrx_word' id='word_1_168' title='bbox 1161 581 1249 616; x_wconf 83' lang='lat' dir='ltr'><strong>legum</strong></span> <span class='ocrx_word' id='word_1_169' title='bbox 1263 580 1334 607; x_wconf 77' lang='lat' dir='ltr'><strong>lator</strong></span> <span class='ocrx_word' id='word_1_170' title='bbox 1350 581 1411 608; x_wconf 90' lang='lat' dir='ltr'><strong>fuit.</strong></span> <span class='ocrx_word' id='word_1_171' title='bbox 1428 581 1521 618; x_wconf 83' lang='lat' dir='ltr'><strong>Neque</strong></span> <span class='ocrx_word' id='word_1_172' title='bbox 1539 584 1566 611; x_wconf 93' lang='lat' dir='ltr'><strong>in</strong></span> <span class='ocrx_word' id='word_1_173' title='bbox 1579 584 1692 613; x_wconf 72' lang='lat' dir='ltr'><strong>Graeciaa</strong></span> <span class='ocrx_word' id='word_1_174' title='bbox 1715 588 1748 614; x_wconf 82' lang='lat' dir='ltr'><strong>ll-</strong></span> 
     </span>
    </p>
   </div>
   <div class='ocr_carea' id='block_1_29' title="bbox 962 626 1750 668">
    <p class='ocr_par' dir='ltr' id='par_1_29' title="bbox 962 626 1750 668">
     <span class='ocr_line' id='line_1_29' title="bbox 962 626 1750 668; baseline 0.01 -16"><span class='ocrx_word' id='word_1_175' title='bbox 962 626 1044 653; x_wconf 89' lang='lat' dir='ltr'><strong>nibus</strong></span> <span class='ocrx_word' id='word_1_176' title='bbox 1058 633 1157 653; x_wconf 88' lang='lat' dir='ltr'><strong>cursus</strong></span> <span class='ocrx_word' id='word_1_177' title='bbox 1176 626 1214 653; x_wconf 86' lang='lat' dir='ltr'><strong>illi</strong></span> <span class='ocrx_word' id='word_1_178' title='bbox 1227 627 1389 655; x_wconf 85' lang='lat' dir='ltr'><strong>terminatus</strong></span> <span class='ocrx_word' id='word_1_179' title='bbox 1402 631 1460 660; x_wconf 89' lang='lat' dir='ltr'><strong>est,</strong></span> <span class='ocrx_word' id='word_1_180' title='bbox 1483 629 1532 656; x_wconf 89' lang='lat' dir='ltr'><strong>sed</strong></span> <span class='ocrx_word' id='word_1_181' title='bbox 1551 637 1638 666; x_wconf 87' lang='lat' dir='ltr'><strong>usque</strong></span> <span class='ocrx_word' id='word_1_182' title='bbox 1661 631 1750 668; x_wconf 79' lang='lat' dir='ltr'><strong>Illyri—</strong></span> 
     </span>
    </p>
   </div>
   <div class='ocr_carea' id='block_1_30' title="bbox 961 670 1746 706">
    <p class='ocr_par' dir='ltr' id='par_1_30' title="bbox 961 670 1746 706">
     <span class='ocr_line' id='line_1_30' title="bbox 961 670 1746 706; baseline 0.008 -7"><span class='ocrx_word' id='word_1_183' title='bbox 961 678 1024 699; x_wconf 92' lang='lat' dir='ltr'><strong>cum</strong></span> <span class='ocrx_word' id='word_1_184' title='bbox 1033 671 1146 698; x_wconf 87' lang='lat' dir='ltr'><strong>Paulum</strong></span> <span class='ocrx_word' id='word_1_185' title='bbox 1155 670 1251 699; x_wconf 87' lang='lat' dir='ltr'><strong>ducem</strong></span> <span class='ocrx_word' id='word_1_186' title='bbox 1268 680 1347 700; x_wconf 89' lang='lat' dir='ltr'><strong>suum</strong></span> <span class='ocrx_word' id='word_1_187' title='bbox 1360 678 1388 701; x_wconf 90' lang='lat' dir='ltr'><strong>et</strong></span> <span class='ocrx_word' id='word_1_188' title='bbox 1402 681 1544 702; x_wconf 88' lang='lat' dir='ltr'><strong>sacrorum</strong></span> <span class='ocrx_word' id='word_1_189' title='bbox 1560 676 1746 706; x_wconf 83' lang='lat' dir='ltr'><strong>institutorem</strong></span> 
     </span>
    </p>
   </div>
   <div class='ocr_carea' id='block_1_31' title="bbox 962 717 1751 760">
    <p class='ocr_par' dir='ltr' id='par_1_31' title="bbox 962 717 1751 760">
     <span class='ocr_line' id='line_1_31' title="bbox 962 717 1751 760; baseline 0.01 -17"><span class='ocrx_word' id='word_1_190' title='bbox 962 717 1086 752; x_wconf 86' lang='lat' dir='ltr'><strong>proxime</strong></span> <span class='ocrx_word' id='word_1_191' title='bbox 1109 722 1220 745; x_wconf 87' lang='lat' dir='ltr'><strong>secutus</strong></span> <span class='ocrx_word' id='word_1_192' title='bbox 1235 722 1288 746; x_wconf 87' lang='lat' dir='ltr'><strong>est.</strong></span> <span class='ocrx_word' id='word_1_193' title='bbox 1310 719 1379 747; x_wconf 90' lang='lat' dir='ltr'><strong>Cum</strong></span> <span class='ocrx_word' id='word_1_194' title='bbox 1396 721 1469 748; x_wconf 86' lang='lat' dir='ltr'><strong>enim</strong></span> <span class='ocrx_word' id='word_1_195' title='bbox 1491 723 1668 756; x_wconf 89' lang='lat' dir='ltr'><strong>apostolicam</strong></span> <span class='ocrx_word' id='word_1_196' title='bbox 1689 732 1751 760; x_wconf 80' lang='lat' dir='ltr'><strong>gra-</strong></span> 
     </span>
    </p>
   </div>
   <div class='ocr_carea' id='block_1_32' title="bbox 961 763 1750 802">
    <p class='ocr_par' dir='ltr' id='par_1_32' title="bbox 961 763 1750 802">
     <span class='ocr_line' id='line_1_32' title="bbox 961 763 1750 802; baseline 0.011 -14"><span class='ocrx_word' id='word_1_197' title='bbox 961 763 1028 789; x_wconf 88' lang='lat' dir='ltr'><strong>tiam</strong></span> <span class='ocrx_word' id='word_1_198' title='bbox 1054 767 1081 790; x_wconf 86' lang='lat' dir='ltr'><strong>et</strong></span> <span class='ocrx_word' id='word_1_199' title='bbox 1107 763 1246 798; x_wconf 88' lang='lat' dir='ltr'><strong>signorum</strong></span> <span class='ocrx_word' id='word_1_200' title='bbox 1274 769 1439 799; x_wconf 90' lang='lat' dir='ltr'><strong>potestatem</strong></span> <span class='ocrx_word' id='word_1_201' title='bbox 1464 768 1633 802; x_wconf 87' lang='lat' dir='ltr'><strong>accepisset,</strong></span> <span class='ocrx_word' id='word_1_202' title='bbox 1660 769 1750 797; x_wconf 86' lang='lat' dir='ltr'><strong>instar</strong></span> 
     </span>
    </p>
   </div>
   <div class='ocr_carea' id='block_1_33' title="bbox 961 808 1749 847">
    <p class='ocr_par' dir='ltr' id='par_1_33' title="bbox 961 808 1749 847">
     <span class='ocr_line' id='line_1_33' title="bbox 961 808 1749 847; baseline 0.011 -13"><span class='ocrx_word' id='word_1_203' title='bbox 961 808 1085 843; x_wconf 78' lang='lat' dir='ltr'><strong>Apostoli</strong></span> <span class='ocrx_word' id='word_1_204' title='bbox 1105 809 1207 844; x_wconf 85' lang='lat' dir='ltr'><strong>ubique</strong></span> <span class='ocrx_word' id='word_1_205' title='bbox 1220 813 1351 846; x_wconf 87' lang='lat' dir='ltr'><strong>tanquam</strong></span> <span class='ocrx_word' id='word_1_206' title='bbox 1368 812 1426 839; x_wconf 86' lang='lat' dir='ltr'><strong>avis</strong></span> <span class='ocrx_word' id='word_1_207' title='bbox 1447 814 1639 847; x_wconf 86' lang='lat' dir='ltr'><strong>percurrebat,</strong></span> <span class='ocrx_word' id='word_1_208' title='bbox 1662 815 1749 843; x_wconf 84' lang='lat' dir='ltr'><strong>Evan-</strong></span> 
     </span>
    </p>
   </div>
   <div class='ocr_carea' id='block_1_34' title="bbox 962 854 1748 895">
    <p class='ocr_par' dir='ltr' id='par_1_34' title="bbox 962 854 1748 895">
     <span class='ocr_line' id='line_1_34' title="bbox 962 854 1748 895; baseline 0.009 -13"><span class='ocrx_word' id='word_1_209' title='bbox 962 854 1060 889; x_wconf 81' lang='lat' dir='ltr'><strong>gelium</strong></span> <span class='ocrx_word' id='word_1_210' title='bbox 1082 863 1153 882; x_wconf 72' lang='lat' dir='ltr'><strong>vene</strong></span> <span class='ocrx_word' id='word_1_211' title='bbox 1174 856 1236 882; x_wconf 64' lang='lat' dir='ltr'><strong>vitae</strong></span> <span class='ocrx_word' id='word_1_212' title='bbox 1262 857 1444 891; x_wconf 67' lang='lat' dir='ltr'><strong>praedicabat,</strong></span> <span class='ocrx_word' id='word_1_213' title='bbox 1460 859 1570 894; x_wconf 83' lang='lat' dir='ltr'><strong>sagenis</strong></span> <span class='ocrx_word' id='word_1_214' title='bbox 1587 861 1748 895; x_wconf 80' lang='lat' dir='ltr'><strong>apostolicis</strong></span> 
     </span>
    </p>
   </div>
   <div class='ocr_carea' id='block_1_35' title="bbox 130 899 907 944">
    <p class='ocr_par' dir='ltr' id='par_1_35' title="bbox 130 905 907 944">
     <span class='ocr_line' id='line_1_35' title="bbox 130 905 907 944; baseline -0.004 -9"><span class='ocrx_word' id='word_1_215' title='bbox 130 907 243 944; x_wconf 79' lang='grc' dir='ltr'>ζωγρῶν</span> <span class='ocrx_word' id='word_1_216' title='bbox 263 908 309 934; x_wconf 72' lang='grc' dir='ltr'>καὶ</span> <span class='ocrx_word' id='word_1_217' title='bbox 324 906 531 943; x_wconf 82' lang='grc' dir='ltr'>αίχμαλωτίζων</span> <span class='ocrx_word' id='word_1_218' title='bbox 547 907 579 933; x_wconf 80' lang='grc' dir='ltr'>ὲκ</span> <span class='ocrx_word' id='word_1_219' title='bbox 603 905 650 933; x_wconf 87' lang='grc' dir='ltr'>τοῦ</span> <span class='ocrx_word' id='word_1_220' title='bbox 665 906 714 941; x_wconf 84' lang='grc' dir='ltr'>τῆς</span> <span class='ocrx_word' id='word_1_221' title='bbox 734 906 846 940; x_wconf 82' lang='grc' dir='ltr'>ἀγνοίας</span> <span class='ocrx_word' id='word_1_222' title='bbox 864 906 907 941; x_wconf 86' lang='grc' dir='ltr'><strong>βυ-</strong></span> 
     </span>
    </p>
   </div>
   <div class='ocr_carea' id='block_1_36' title="bbox 957 899 1746 944">
    <p class='ocr_par' dir='ltr' id='par_1_36' title="bbox 962 901 1746 940">
     <span class='ocr_line' id='line_1_36' title="bbox 962 901 1746 940; baseline 0.009 -12"><span class='ocrx_word' id='word_1_223' title='bbox 962 901 1134 936; x_wconf 76' lang='lat' dir='ltr'><strong>ratibusque,</strong></span> <span class='ocrx_word' id='word_1_224' title='bbox 1158 903 1260 937; x_wconf 86' lang='lat' dir='ltr'><strong>quibus</strong></span> <span class='ocrx_word' id='word_1_225' title='bbox 1281 903 1335 931; x_wconf 85' lang='lat' dir='ltr'><strong>vivi</strong></span> <span class='ocrx_word' id='word_1_226' title='bbox 1360 902 1485 932; x_wconf 85' lang='lat' dir='ltr'><strong>homines</strong></span> <span class='ocrx_word' id='word_1_227' title='bbox 1511 910 1689 940; x_wconf 85' lang='lat' dir='ltr'><strong>caperentur,</strong></span> <span class='ocrx_word' id='word_1_228' title='bbox 1712 916 1746 935; x_wconf 77' lang='lat' dir='ltr'><strong>ex</strong></span> 
     </span>
    </p>
   </div>
   <div class='ocr_carea' id='block_1_37' title="bbox 129 952 911 989">
    <p class='ocr_par' dir='ltr' id='par_1_37' title="bbox 129 952 911 989">
     <span class='ocr_line' id='line_1_37' title="bbox 129 952 911 989; baseline -0.003 -9"><span class='ocrx_word' id='word_1_229' title='bbox 129 953 176 980; x_wconf 85' lang='grc' dir='ltr'>θοῦ</span> <span class='ocrx_word' id='word_1_230' title='bbox 195 953 264 989; x_wconf 74' lang='grc' dir='ltr'>πρὸς</span> <span class='ocrx_word' id='word_1_231' title='bbox 282 953 313 980; x_wconf 84' lang='grc' dir='ltr'>τὸ</span> <span class='ocrx_word' id='word_1_232' title='bbox 329 954 378 988; x_wconf 85' lang='grc' dir='ltr'>τῆς</span> <span class='ocrx_word' id='word_1_233' title='bbox 401 952 530 988; x_wconf 80' lang='grc' dir='ltr'><strong>ἀληθείας</strong></span> <span class='ocrx_word' id='word_1_234' title='bbox 551 952 608 986; x_wconf 84' lang='grc' dir='ltr'><strong>φῶς</strong></span> <span class='ocrx_word' id='word_1_235' title='bbox 624 952 688 983; x_wconf 81' lang='grc' dir='ltr'>τοὺς</span> <span class='ocrx_word' id='word_1_236' title='bbox 705 952 792 987; x_wconf 85' lang='grc' dir='ltr'>σκότῳ</span> <span class='ocrx_word' id='word_1_237' title='bbox 808 952 911 988; x_wconf 78' lang='grc' dir='ltr'>πλάνης</span> 
     </span>
    </p>
   </div>
   <div class='ocr_carea' id='block_1_38' title="bbox 130 998 912 1036">
    <p class='ocr_par' dir='ltr' id='par_1_38' title="bbox 130 998 912 1036">
     <span class='ocr_line' id='line_1_38' title="bbox 130 998 912 1036; baseline -0.003 -10"><span class='ocrx_word' id='word_1_238' title='bbox 130 999 358 1035; x_wconf 76' lang='grc' dir='ltr'>κεκρατημένους.</span> <span class='ocrx_word' id='word_1_239' title='bbox 374 999 434 1026; x_wconf 87' lang='grc' dir='ltr'><strong>Ὅτι</strong></span> <span class='ocrx_word' id='word_1_240' title='bbox 458 999 506 1034; x_wconf 83' lang='grc' dir='ltr'>μὲν</span> <span class='ocrx_word' id='word_1_241' title='bbox 522 998 577 1034; x_wconf 79' lang='grc' dir='ltr'>γὰρ</span> <span class='ocrx_word' id='word_1_242' title='bbox 598 998 655 1030; x_wconf 87' lang='grc' dir='ltr'>τοῖς</span> <span class='ocrx_word' id='word_1_243' title='bbox 676 998 746 1025; x_wconf 83' lang='grc' dir='ltr'>κατὰ</span> <span class='ocrx_word' id='word_1_244' title='bbox 768 998 912 1036; x_wconf 80' lang='grc' dir='ltr'>διαφόρους</span> 
     </span>
    </p>
   </div>
   <div class='ocr_carea' id='block_1_39' title="bbox 129 1045 912 1082">
    <p class='ocr_par' dir='ltr' id='par_1_39' title="bbox 129 1045 912 1082">
     <span class='ocr_line' id='line_1_39' title="bbox 129 1045 912 1082; baseline -0.003 -9"><span class='ocrx_word' id='word_1_245' title='bbox 129 1046 233 1082; x_wconf 78' lang='grc' dir='ltr'>χώρους</span> <span class='ocrx_word' id='word_1_246' title='bbox 254 1046 302 1073; x_wconf 74' lang='grc' dir='ltr'>καὶ</span> <span class='ocrx_word' id='word_1_247' title='bbox 323 1046 421 1082; x_wconf 83' lang='grc' dir='ltr'>νήσους</span> <span class='ocrx_word' id='word_1_248' title='bbox 447 1045 598 1081; x_wconf 65' lang='grc' dir='ltr'>ἐκκλησιῶν</span> <span class='ocrx_word' id='word_1_249' title='bbox 627 1045 773 1080; x_wconf 70' lang='grc' dir='ltr'>ἡγεμονίαν</span> <span class='ocrx_word' id='word_1_250' title='bbox 798 1045 844 1071; x_wconf 78' lang='grc' dir='ltr'>καὶ</span> <span class='ocrx_word' id='word_1_251' title='bbox 872 1045 912 1072; x_wconf 91' lang='grc' dir='ltr'>δι-</span> 
     </span>
    </p>
   </div>
   <div class='ocr_carea' id='block_1_40' title="bbox 127 1090 910 1126">
    <p class='ocr_par' dir='ltr' id='par_1_40' title="bbox 127 1090 910 1126">
     <span class='ocr_line' id='line_1_40' title="bbox 127 1090 910 1126; baseline -0.003 -8"><span class='ocrx_word' id='word_1_252' title='bbox 127 1091 274 1118; x_wconf 76' lang='grc' dir='ltr'>δασκαλίαν</span> <span class='ocrx_word' id='word_1_253' title='bbox 289 1091 522 1126; x_wconf 80' lang='grc' dir='ltr'>πεπιστευμένοις,</span> <span class='ocrx_word' id='word_1_254' title='bbox 542 1091 580 1123; x_wconf 87' lang='grc' dir='ltr'>ὠς</span> <span class='ocrx_word' id='word_1_255' title='bbox 595 1090 751 1122; x_wconf 85' lang='grc' dir='ltr'>διδάσκαλος</span> <span class='ocrx_word' id='word_1_256' title='bbox 768 1090 814 1117; x_wconf 80' lang='grc' dir='ltr'>καὶ</span> <span class='ocrx_word' id='word_1_257' title='bbox 827 1099 910 1126; x_wconf 86' lang='grc' dir='ltr'>κορυ-</span> 
     </span>
    </p>
   </div>
   <div class='ocr_carea' id='block_1_41' title="bbox 129 1136 910 1172">
    <p class='ocr_par' dir='ltr' id='par_1_41' title="bbox 129 1136 910 1172">
     <span class='ocr_line' id='line_1_41' title="bbox 129 1136 910 1172; baseline -0.003 -8"><span class='ocrx_word' id='word_1_258' title='bbox 129 1138 207 1172; x_wconf 86' lang='grc' dir='ltr'>φαῖός</span> <span class='ocrx_word' id='word_1_259' title='bbox 226 1146 267 1169; x_wconf 87' lang='grc' dir='ltr'><strong>τις</strong></span> <span class='ocrx_word' id='word_1_260' title='bbox 290 1137 368 1169; x_wconf 77' lang='grc' dir='ltr'>ἄλλος</span> <span class='ocrx_word' id='word_1_261' title='bbox 383 1137 544 1169; x_wconf 83' lang='grc' dir='ltr'>ἀπόστολος,</span> <span class='ocrx_word' id='word_1_262' title='bbox 568 1136 705 1172; x_wconf 79' lang='grc' dir='ltr'>ὑποθήκας</span> <span class='ocrx_word' id='word_1_263' title='bbox 721 1136 910 1169; x_wconf 72' lang='grc' dir='ltr'>διδασκαλικέις</span> 
     </span>
    </p>
   </div>
   <div class='ocr_carea' id='block_1_42' title="bbox 128 1182 909 1219">
    <p class='ocr_par' dir='ltr' id='par_1_42' title="bbox 128 1182 909 1219">
     <span class='ocr_line' id='line_1_42' title="bbox 128 1182 909 1219; baseline 0 -9"><span class='ocrx_word' id='word_1_264' title='bbox 128 1183 175 1210; x_wconf 78' lang='grc' dir='ltr'>καὶ</span> <span class='ocrx_word' id='word_1_265' title='bbox 187 1183 319 1219; x_wconf 78' lang='grc' dir='ltr'>μυστικὰς</span> <span class='ocrx_word' id='word_1_266' title='bbox 332 1183 441 1218; x_wconf 79' lang='grc' dir='ltr'>διδαχὰς</span> <span class='ocrx_word' id='word_1_267' title='bbox 457 1182 608 1215; x_wconf 82' lang='grc' dir='ltr'><strong>ὑπετίθετο,</strong></span> <span class='ocrx_word' id='word_1_268' title='bbox 620 1183 712 1218; x_wconf 78' lang='grc' dir='ltr'>σαφῶς</span> <span class='ocrx_word' id='word_1_269' title='bbox 725 1183 909 1218; x_wconf 80' lang='grc' dir='ltr'>διαγγέλλουσι</span> 
     </span>
    </p>
   </div>
   <div class='ocr_carea' id='block_1_43' title="bbox 127 1228 909 1265">
    <p class='ocr_par' dir='ltr' id='par_1_43' title="bbox 127 1228 909 1265">
     <span class='ocr_line' id='line_1_43' title="bbox 127 1228 909 1265; baseline 0.001 -10"><span class='ocrx_word' id='word_1_270' title='bbox 127 1229 161 1256; x_wconf 80' lang='grc' dir='ltr'>τὰ</span> <span class='ocrx_word' id='word_1_271' title='bbox 178 1229 246 1265; x_wconf 81' lang='grc' dir='ltr'>πρὸς</span> <span class='ocrx_word' id='word_1_272' title='bbox 267 1230 331 1261; x_wconf 88' lang='grc' dir='ltr'>τοὺς</span> <span class='ocrx_word' id='word_1_273' title='bbox 347 1229 478 1264; x_wconf 81' lang='grc' dir='ltr'>Ἐφεσίων</span> <span class='ocrx_word' id='word_1_274' title='bbox 488 1249 495 1262; x_wconf 87' lang='grc'><strong>,</strong></span> <span class='ocrx_word' id='word_1_275' title='bbox 513 1228 559 1255; x_wconf 67' lang='grc' dir='ltr'><strong>καὶ</strong></span> <span class='ocrx_word' id='word_1_276' title='bbox 577 1229 736 1265; x_wconf 79' lang='grc' dir='ltr'>Σμυρναίων</span> <span class='ocrx_word' id='word_1_277' title='bbox 746 1249 753 1261; x_wconf 92' lang='grc'><strong>,</strong></span> <span class='ocrx_word' id='word_1_278' title='bbox 769 1229 818 1255; x_wconf 78' lang='grc' dir='ltr'>καὶ</span> <span class='ocrx_word' id='word_1_279' title='bbox 834 1230 909 1265; x_wconf 87' lang='grc' dir='ltr'>Κρη-</span> 
     </span>
    </p>
   </div>
   <div class='ocr_carea' id='block_1_44' title="bbox 126 1274 909 1311">
    <p class='ocr_par' dir='ltr' id='par_1_44' title="bbox 126 1274 909 1311">
     <span class='ocr_line' id='line_1_44' title="bbox 126 1274 909 1311; baseline 0 -10"><span class='ocrx_word' id='word_1_280' title='bbox 126 1275 180 1301; x_wconf 82' lang='grc' dir='ltr'>τῶν</span> <span class='ocrx_word' id='word_1_281' title='bbox 197 1274 416 1311; x_wconf 85' lang='grc' dir='ltr'>πανιερωτάτους</span> <span class='ocrx_word' id='word_1_282' title='bbox 436 1274 482 1302; x_wconf 81' lang='grc' dir='ltr'>καὶ</span> <span class='ocrx_word' id='word_1_283' title='bbox 498 1274 566 1310; x_wconf 77' lang='grc' dir='ltr'>πρὸς</span> <span class='ocrx_word' id='word_1_284' title='bbox 582 1274 672 1301; x_wconf 82' lang='grc' dir='ltr'>αὐτῶν</span> <span class='ocrx_word' id='word_1_285' title='bbox 686 1274 741 1301; x_wconf 84' lang='grc' dir='ltr'>τῶν</span> <span class='ocrx_word' id='word_1_286' title='bbox 761 1275 812 1309; x_wconf 72' lang='grc' dir='ltr'>τῆς</span> <span class='ocrx_word' id='word_1_287' title='bbox 826 1275 909 1309; x_wconf 85' lang='grc' dir='ltr'>ἁγιω-</span> 
     </span>
    </p>
   </div>
   <div class='ocr_carea' id='block_1_45' title="bbox 125 1321 906 1357">
    <p class='ocr_par' dir='ltr' id='par_1_45' title="bbox 125 1321 906 1357">
     <span class='ocr_line' id='line_1_45' title="bbox 125 1321 906 1357; baseline 0 -9"><span class='ocrx_word' id='word_1_288' title='bbox 125 1321 211 1357; x_wconf 87' lang='grc' dir='ltr'>τάτης</span> <span class='ocrx_word' id='word_1_289' title='bbox 229 1321 388 1357; x_wconf 74' lang='grc' dir='ltr'>Ἑκκλησίας</span> <span class='ocrx_word' id='word_1_290' title='bbox 405 1321 549 1357; x_wconf 79' lang='grc' dir='ltr'>θεμελίων,</span> <span class='ocrx_word' id='word_1_291' title='bbox 573 1321 627 1348; x_wconf 86' lang='grc' dir='ltr'>τῶν</span> <span class='ocrx_word' id='word_1_292' title='bbox 643 1321 798 1348; x_wconf 81' lang='grc' dir='ltr'>ἀποστόλων</span> <span class='ocrx_word' id='word_1_293' title='bbox 820 1321 906 1356; x_wconf 81' lang='grc' dir='ltr'>λέγω,</span> 
     </span>
    </p>
   </div>
   <div class='ocr_carea' id='block_1_46' title="bbox 127 1366 908 1403">
    <p class='ocr_par' dir='ltr' id='par_1_46' title="bbox 127 1366 908 1403">
     <span class='ocr_line' id='line_1_46' title="bbox 127 1366 908 1403; baseline -0.001 -9"><span class='ocrx_word' id='word_1_294' title='bbox 127 1367 450 1403; x_wconf 82' lang='grc' dir='ltr'>προκεχειροτονημένους</span> <span class='ocrx_word' id='word_1_295' title='bbox 482 1367 628 1403; x_wconf 66' lang='grc' dir='ltr'>προέδρους</span> <span class='ocrx_word' id='word_1_296' title='bbox 642 1387 650 1399; x_wconf 92' lang='grc'><strong>,</strong></span> <span class='ocrx_word' id='word_1_297' title='bbox 682 1366 829 1402; x_wconf 82' lang='grc' dir='ltr'>Τιμόθεον,</span> <span class='ocrx_word' id='word_1_298' title='bbox 861 1367 908 1393; x_wconf 82' lang='grc' dir='ltr'><strong>καὶ</strong></span> 
     </span>
    </p>
   </div>
   <div class='ocr_carea' id='block_1_47' title="bbox 127 1412 906 1450">
    <p class='ocr_par' dir='ltr' id='par_1_47' title="bbox 127 1412 906 1450">
     <span class='ocr_line' id='line_1_47' title="bbox 127 1412 906 1450; baseline -0.001 -10"><span class='ocrx_word' id='word_1_299' title='bbox 127 1413 320 1450; x_wconf 79' lang='grc' dir='ltr'>Πολύκαρπον,</span> <span class='ocrx_word' id='word_1_300' title='bbox 346 1413 393 1441; x_wconf 68' lang='grc' dir='ltr'><strong>καὶ</strong></span> <span class='ocrx_word' id='word_1_301' title='bbox 416 1413 510 1445; x_wconf 83' lang='grc' dir='ltr'>Τίτον,</span> <span class='ocrx_word' id='word_1_302' title='bbox 535 1412 610 1448; x_wconf 82' lang='grc' dir='ltr'>αὐτῷ</span> <span class='ocrx_word' id='word_1_303' title='bbox 633 1413 828 1449; x_wconf 79' lang='grc' dir='ltr'>διηγορευμένα</span> <span class='ocrx_word' id='word_1_304' title='bbox 844 1412 906 1447; x_wconf 84' lang='grc' dir='ltr'>δόγ-</span> 
     </span>
    </p>
   </div>
   <div class='ocr_carea' id='block_1_48' title="bbox 128 1457 905 1495">
    <p class='ocr_par' dir='ltr' id='par_1_48' title="bbox 128 1457 905 1495">
     <span class='ocr_line' id='line_1_48' title="bbox 128 1457 905 1495; baseline -0.003 -9"><span class='ocrx_word' id='word_1_305' title='bbox 128 1468 211 1495; x_wconf 84' lang='grc' dir='ltr'>ματα,</span> <span class='ocrx_word' id='word_1_306' title='bbox 229 1459 275 1486; x_wconf 69' lang='lat' dir='ltr'><strong>xui.</strong></span> <span class='ocrx_word' id='word_1_307' title='bbox 293 1459 544 1495; x_wconf 85' lang='grc' dir='ltr'>μυσταγωγήματα,</span> <span class='ocrx_word' id='word_1_308' title='bbox 558 1459 604 1485; x_wconf 72' lang='grc' dir='ltr'>καὶ</span> <span class='ocrx_word' id='word_1_309' title='bbox 618 1457 803 1494; x_wconf 85' lang='grc' dir='ltr'>διατάγματα·</span> <span class='ocrx_word' id='word_1_310' title='bbox 821 1459 862 1485; x_wconf 82' lang='grc' dir='ltr'>ὅτι</span> <span class='ocrx_word' id='word_1_311' title='bbox 877 1457 905 1485; x_wconf 83' lang='grc' dir='ltr'>δὲ</span> 
     </span>
    </p>
   </div>
   <div class='ocr_carea' id='block_1_49' title="bbox 127 1505 905 1544">
    <p class='ocr_par' dir='ltr' id='par_1_49' title="bbox 127 1505 905 1544">
     <span class='ocr_line' id='line_1_49' title="bbox 127 1505 905 1544; baseline -0.003 -11"><span class='ocrx_word' id='word_1_312' title='bbox 127 1507 173 1533; x_wconf 77' lang='grc' dir='ltr'>καὶ</span> <span class='ocrx_word' id='word_1_313' title='bbox 193 1507 292 1544; x_wconf 82' lang='grc' dir='ltr'>δρόμον</span> <span class='ocrx_word' id='word_1_314' title='bbox 308 1506 484 1533; x_wconf 79' lang='grc' dir='ltr'>ἀποστολικὸν</span> <span class='ocrx_word' id='word_1_315' title='bbox 507 1505 647 1538; x_wconf 78' lang='grc' dir='ltr'>τετέλεκε,</span> <span class='ocrx_word' id='word_1_316' title='bbox 674 1506 720 1532; x_wconf 80' lang='grc' dir='ltr'>καὶ</span> <span class='ocrx_word' id='word_1_317' title='bbox 744 1505 905 1542; x_wconf 77' lang='grc' dir='ltr'>παραδόξοις</span> 
     </span>
    </p>
   </div>
   <div class='ocr_carea' id='block_1_50' title="bbox 125 1551 942 1600">
    <p class='ocr_par' dir='ltr' id='par_1_50' title="bbox 125 1551 942 1600">
     <span class='ocr_line' id='line_1_50' title="bbox 125 1551 942 1600; baseline -0.001 -21"><span class='ocrx_word' id='word_1_318' title='bbox 125 1552 355 1588; x_wconf 84' lang='grc' dir='ltr'>θαυματουργίαις</span> <span class='ocrx_word' id='word_1_319' title='bbox 380 1551 470 1578; x_wconf 80' lang='grc' dir='ltr'>θεόθεν</span> <span class='ocrx_word' id='word_1_320' title='bbox 492 1551 663 1585; x_wconf 78' lang='grc' dir='ltr'>δεδόξασται,</span> <span class='ocrx_word' id='word_1_321' title='bbox 690 1551 772 1578; x_wconf 84' lang='grc' dir='ltr'>πολλά</span> <span class='ocrx_word' id='word_1_322' title='bbox 790 1551 839 1586; x_wconf 83' lang='grc' dir='ltr'>μὲν</span> <span class='ocrx_word' id='word_1_323' title='bbox 858 1552 905 1578; x_wconf 77' lang='grc' dir='ltr'>καὶ</span> <span class='ocrx_word' id='word_1_324' title='bbox 919 1568 942 1600; x_wconf 76' lang='lat' dir='ltr'>c</span> 
     </span>
    </p>
   </div>
   <div class='ocr_carea' id='block_1_51' title="bbox 125 1596 907 1634">
    <p class='ocr_par' dir='ltr' id='par_1_51' title="bbox 125 1596 907 1634">
     <span class='ocr_line' id='line_1_51' title="bbox 125 1596 907 1634; baseline -0.001 -10"><span class='ocrx_word' id='word_1_325' title='bbox 125 1597 192 1624; x_wconf 77' lang='grc' dir='ltr'>ἄλλα</span> <span class='ocrx_word' id='word_1_326' title='bbox 212 1596 388 1632; x_wconf 84' lang='grc' dir='ltr'>πιστώσεται,</span> <span class='ocrx_word' id='word_1_327' title='bbox 403 1597 463 1624; x_wconf 75' lang='grc' dir='ltr'>καθ’</span> <span class='ocrx_word' id='word_1_328' title='bbox 475 1597 493 1624; x_wconf 81' lang='grc' dir='ltr'>ἃ</span> <span class='ocrx_word' id='word_1_329' title='bbox 509 1597 610 1634; x_wconf 83' lang='grc' dir='ltr'>προῖὼν</span> <span class='ocrx_word' id='word_1_330' title='bbox 625 1598 639 1624; x_wconf 76' lang='grc' dir='ltr'>ὁ</span> <span class='ocrx_word' id='word_1_331' title='bbox 654 1597 742 1631; x_wconf 87' lang='grc' dir='ltr'>λόγος,</span> <span class='ocrx_word' id='word_1_332' title='bbox 758 1597 821 1629; x_wconf 82' lang='grc' dir='ltr'>τοὺς</span> <span class='ocrx_word' id='word_1_333' title='bbox 839 1606 907 1633; x_wconf 87' lang='grc' dir='ltr'>μαρ-</span> 
     </span>
    </p>
   </div>
   <div class='ocr_carea' id='block_1_52' title="bbox 124 1642 906 1679">
    <p class='ocr_par' dir='ltr' id='par_1_52' title="bbox 124 1642 906 1679">
     <span class='ocr_line' id='line_1_52' title="bbox 124 1642 906 1679; baseline 0 -10"><span class='ocrx_word' id='word_1_334' title='bbox 124 1643 263 1678; x_wconf 81' lang='grc' dir='ltr'>τυρικοὺς,</span> <span class='ocrx_word' id='word_1_335' title='bbox 280 1642 325 1674; x_wconf 86' lang='grc' dir='ltr'><strong>οὒς</strong></span> <span class='ocrx_word' id='word_1_336' title='bbox 342 1642 565 1679; x_wconf 84' lang='grc' dir='ltr'>καρτερικώτατα</span> <span class='ocrx_word' id='word_1_337' title='bbox 580 1643 712 1678; x_wconf 86' lang='grc' dir='ltr'>διήνυκεν,</span> <span class='ocrx_word' id='word_1_338' title='bbox 725 1642 820 1674; x_wconf 80' lang='grc' dir='ltr'>ἄθλους</span> <span class='ocrx_word' id='word_1_339' title='bbox 837 1643 906 1669; x_wconf 86' lang='grc' dir='ltr'>ὐπα-</span> 
     </span>
    </p>
   </div>
   <div class='ocr_carea' id='block_1_53' title="bbox 124 1687 905 1726">
    <p class='ocr_par' dir='ltr' id='par_1_53' title="bbox 124 1687 905 1726">
     <span class='ocr_line' id='line_1_53' title="bbox 124 1687 905 1726; baseline -0.003 -10"><span class='ocrx_word' id='word_1_340' title='bbox 124 1689 245 1726; x_wconf 75' lang='grc' dir='ltr'>γορεύων</span> <span class='ocrx_word' id='word_1_341' title='bbox 260 1688 469 1721; x_wconf 86' lang='grc' dir='ltr'>διεξελεύσεται·</span> <span class='ocrx_word' id='word_1_342' title='bbox 489 1687 606 1724; x_wconf 85' lang='grc' dir='ltr'>μάλιστα</span> <span class='ocrx_word' id='word_1_343' title='bbox 621 1688 649 1714; x_wconf 82' lang='grc' dir='ltr'>δὲ</span> <span class='ocrx_word' id='word_1_344' title='bbox 665 1689 682 1723; x_wconf 85' lang='grc' dir='ltr'>ὴ</span> <span class='ocrx_word' id='word_1_345' title='bbox 700 1688 846 1724; x_wconf 83' lang='grc' dir='ltr'>μετάρσιον</span> <span class='ocrx_word' id='word_1_346' title='bbox 856 1688 905 1715; x_wconf 84' lang='grc' dir='ltr'><strong>αὺ-</strong></span> 
     </span>
    </p>
   </div>
   <div class='ocr_carea' id='block_1_54' title="bbox 123 1732 907 1771">
    <p class='ocr_par' dir='ltr' id='par_1_54' title="bbox 123 1732 907 1771">
     <span class='ocr_line' id='line_1_54' title="bbox 123 1732 907 1771; baseline -0.003 -9"><span class='ocrx_word' id='word_1_347' title='bbox 123 1736 170 1762; x_wconf 78' lang='grc' dir='ltr'>τὸν</span> <span class='ocrx_word' id='word_1_348' title='bbox 194 1735 245 1770; x_wconf 85' lang='grc' dir='ltr'><strong>τῆς</strong></span> <span class='ocrx_word' id='word_1_349' title='bbox 269 1733 396 1771; x_wconf 77' lang='grc' dir='ltr'>ἑσπερίου</span> <span class='ocrx_word' id='word_1_350' title='bbox 420 1733 521 1770; x_wconf 79' lang='grc' dir='ltr'>λήξεως</span> <span class='ocrx_word' id='word_1_351' title='bbox 540 1733 726 1770; x_wconf 82' lang='grc' dir='ltr'>ἀφαρπάσασα</span> <span class='ocrx_word' id='word_1_352' title='bbox 746 1733 843 1769; x_wconf 79' lang='grc' dir='ltr'>νεφέλη</span> <span class='ocrx_word' id='word_1_353' title='bbox 860 1732 907 1760; x_wconf 85' lang='grc' dir='ltr'><strong>καὶ</strong></span> 
     </span>
    </p>
   </div>
   <div class='ocr_carea' id='block_1_55' title="bbox 126 1779 905 1818">
    <p class='ocr_par' dir='ltr' id='par_1_55' title="bbox 126 1779 905 1818">
     <span class='ocr_line' id='line_1_55' title="bbox 126 1779 905 1818; baseline -0.001 -10"><span class='ocrx_word' id='word_1_354' title='bbox 126 1781 315 1818; x_wconf 85' lang='grc' dir='ltr'>μετεωρίσασα</span> <span class='ocrx_word' id='word_1_355' title='bbox 325 1801 333 1813; x_wconf 92' lang='grc'><strong>,</strong></span> <span class='ocrx_word' id='word_1_356' title='bbox 351 1781 397 1807; x_wconf 85' lang='grc' dir='ltr'><strong>καὶ</strong></span> <span class='ocrx_word' id='word_1_357' title='bbox 411 1780 569 1816; x_wconf 83' lang='grc' dir='ltr'>άεροπόρον,</span> <span class='ocrx_word' id='word_1_358' title='bbox 583 1779 621 1811; x_wconf 85' lang='grc' dir='ltr'>ὡς</span> <span class='ocrx_word' id='word_1_359' title='bbox 643 1780 689 1806; x_wconf 77' lang='grc' dir='ltr'>καὶ</span> <span class='ocrx_word' id='word_1_360' title='bbox 707 1780 771 1812; x_wconf 80' lang='grc' dir='ltr'>τοὺς</span> <span class='ocrx_word' id='word_1_361' title='bbox 787 1779 905 1815; x_wconf 88' lang='grc' dir='ltr'>ἀκροτά-</span> 
     </span>
    </p>
   </div>
   <div class='ocr_carea' id='block_1_56' title="bbox 123 1825 906 1862">
    <p class='ocr_par' dir='ltr' id='par_1_56' title="bbox 123 1825 906 1862">
     <span class='ocr_line' id='line_1_56' title="bbox 123 1825 906 1862; baseline -0.004 -7"><span class='ocrx_word' id='word_1_362' title='bbox 123 1837 186 1862; x_wconf 77' lang='grc' dir='ltr'>τους</span> <span class='ocrx_word' id='word_1_363' title='bbox 203 1828 317 1860; x_wconf 86' lang='grc' dir='ltr'>θεόπτας</span> <span class='ocrx_word' id='word_1_364' title='bbox 333 1827 380 1854; x_wconf 79' lang='grc' dir='ltr'>καὶ</span> <span class='ocrx_word' id='word_1_365' title='bbox 396 1826 536 1861; x_wconf 80' lang='grc' dir='ltr'>θεολόγους</span> <span class='ocrx_word' id='word_1_366' title='bbox 551 1826 725 1858; x_wconf 84' lang='grc' dir='ltr'>ἀποστόλους,</span> <span class='ocrx_word' id='word_1_367' title='bbox 737 1825 815 1853; x_wconf 71' lang='grc' dir='ltr'>ἄλλον</span> <span class='ocrx_word' id='word_1_368' title='bbox 831 1825 906 1853; x_wconf 83' lang='grc' dir='ltr'>ἄλλο-</span> 
     </span>
    </p>
   </div>
   <div class='ocr_carea' id='block_1_57' title="bbox 124 1870 906 1910">
    <p class='ocr_par' dir='ltr' id='par_1_57' title="bbox 124 1870 906 1910">
     <span class='ocr_line' id='line_1_57' title="bbox 124 1870 906 1910; baseline -0.009 -7"><span class='ocrx_word' id='word_1_369' title='bbox 124 1875 170 1903; x_wconf 84' lang='grc' dir='ltr'><strong>θεν</strong></span> <span class='ocrx_word' id='word_1_370' title='bbox 185 1875 240 1902; x_wconf 84' lang='grc' dir='ltr'>τῶν</span> <span class='ocrx_word' id='word_1_371' title='bbox 254 1875 305 1910; x_wconf 86' lang='grc' dir='ltr'>τῆς</span> <span class='ocrx_word' id='word_1_372' title='bbox 324 1875 374 1909; x_wconf 88' lang='grc' dir='ltr'>γῆς</span> <span class='ocrx_word' id='word_1_373' title='bbox 391 1873 517 1909; x_wconf 81' lang='grc' dir='ltr'>περάτων</span> <span class='ocrx_word' id='word_1_374' title='bbox 531 1871 693 1904; x_wconf 75' lang='grc' dir='ltr'>ἐξαπιναίως</span> <span class='ocrx_word' id='word_1_375' title='bbox 708 1871 755 1897; x_wconf 69' lang='grc' dir='ltr'><strong>ἐπὶ</strong></span> <span class='ocrx_word' id='word_1_376' title='bbox 768 1870 818 1906; x_wconf 86' lang='grc' dir='ltr'>τὴν</span> <span class='ocrx_word' id='word_1_377' title='bbox 838 1879 906 1898; x_wconf 89' lang='grc' dir='ltr'>παν-</span> 
     </span>
    </p>
   </div>
   <div class='ocr_carea' id='block_1_58' title="bbox 125 1916 905 1956">
    <p class='ocr_par' dir='ltr' id='par_1_58' title="bbox 125 1916 905 1956">
     <span class='ocr_line' id='line_1_58' title="bbox 125 1916 905 1956; baseline -0.006 -8"><span class='ocrx_word' id='word_1_378' title='bbox 125 1921 270 1956; x_wconf 79' lang='grc' dir='ltr'>σεὸἀσμιον</span> <span class='ocrx_word' id='word_1_379' title='bbox 298 1918 474 1956; x_wconf 80' lang='grc' dir='ltr'>Ἰερουσαλὴμ</span> <span class='ocrx_word' id='word_1_380' title='bbox 504 1917 684 1953; x_wconf 84' lang='grc' dir='ltr'>ἀπαγαγοῦσα</span> <span class='ocrx_word' id='word_1_381' title='bbox 713 1916 762 1952; x_wconf 84' lang='grc' dir='ltr'>τὴν</span> <span class='ocrx_word' id='word_1_382' title='bbox 796 1917 905 1944; x_wconf 84' lang='grc' dir='ltr'>πάντων</span> 
     </span>
    </p>
   </div>
   <div class='ocr_carea' id='block_1_59' title="bbox 123 1962 905 2004">
    <p class='ocr_par' dir='ltr' id='par_1_59' title="bbox 123 1962 905 2004">
     <span class='ocr_line' id='line_1_59' title="bbox 123 1962 905 2004; baseline -0.008 -10"><span class='ocrx_word' id='word_1_383' title='bbox 123 1966 292 2004; x_wconf 84' lang='grc' dir='ltr'>Χριστιανῶν</span> <span class='ocrx_word' id='word_1_384' title='bbox 308 1966 504 2002; x_wconf 81' lang='grc' dir='ltr'>κοινομήτορα,</span> <span class='ocrx_word' id='word_1_385' title='bbox 516 1965 567 1991; x_wconf 84' lang='grc' dir='ltr'><strong>κάν</strong></span> <span class='ocrx_word' id='word_1_386' title='bbox 579 1964 613 1999; x_wconf 81' lang='grc' dir='ltr'>τῇ</span> <span class='ocrx_word' id='word_1_387' title='bbox 629 1963 684 1990; x_wconf 87' lang='grc' dir='ltr'>τῶν</span> <span class='ocrx_word' id='word_1_388' title='bbox 701 1962 780 1990; x_wconf 83' lang='grc' dir='ltr'>θείων</span> <span class='ocrx_word' id='word_1_389' title='bbox 802 1970 905 1999; x_wconf 78' lang='grc' dir='ltr'>μυστη-</span> 
     </span>
    </p>
   </div>
   <div class='ocr_carea' id='block_1_60' title="bbox 124 2007 905 2050">
    <p class='ocr_par' dir='ltr' id='par_1_60' title="bbox 124 2007 905 2050">
     <span class='ocr_line' id='line_1_60' title="bbox 124 2007 905 2050; baseline -0.008 -10"><span class='ocrx_word' id='word_1_390' title='bbox 124 2013 191 2050; x_wconf 83' lang='grc' dir='ltr'>ρίων</span> <span class='ocrx_word' id='word_1_391' title='bbox 207 2012 352 2049; x_wconf 81' lang='grc' dir='ltr'>ἀκροπόλει</span> <span class='ocrx_word' id='word_1_392' title='bbox 368 2010 437 2038; x_wconf 85' lang='grc' dir='ltr'>Σιὼν</span> <span class='ocrx_word' id='word_1_393' title='bbox 451 2011 484 2046; x_wconf 83' lang='grc' dir='ltr'>τῇ</span> <span class='ocrx_word' id='word_1_394' title='bbox 507 2009 591 2047; x_wconf 78' lang='grc' dir='ltr'>μητρὶ</span> <span class='ocrx_word' id='word_1_395' title='bbox 607 2009 662 2036; x_wconf 82' lang='grc' dir='ltr'>τῶν</span> <span class='ocrx_word' id='word_1_396' title='bbox 681 2007 833 2044; x_wconf 73' lang='grc' dir='ltr'>ἐκκλησιῶν</span> <span class='ocrx_word' id='word_1_397' title='bbox 848 2009 905 2040; x_wconf 85' lang='grc' dir='ltr'>τοῖς</span> 
     </span>
    </p>
   </div>
   <div class='ocr_carea' id='block_1_61' title="bbox 123 2055 904 2094">
    <p class='ocr_par' dir='ltr' id='par_1_61' title="bbox 123 2055 904 2094">
     <span class='ocr_line' id='line_1_61' title="bbox 123 2055 904 2094; baseline -0.005 -9"><span class='ocrx_word' id='word_1_398' title='bbox 123 2057 241 2094; x_wconf 78' lang='grc' dir='ltr'>Χριστοῦ</span> <span class='ocrx_word' id='word_1_399' title='bbox 254 2058 394 2092; x_wconf 73' lang='grc' dir='ltr'>φοιτηταῖς</span> <span class='ocrx_word' id='word_1_400' title='bbox 410 2056 566 2091; x_wconf 80' lang='grc' dir='ltr'>συνάψασα,</span> <span class='ocrx_word' id='word_1_401' title='bbox 587 2055 632 2082; x_wconf 85' lang='grc' dir='ltr'><strong>ὅτε</strong></span> <span class='ocrx_word' id='word_1_402' title='bbox 648 2055 678 2082; x_wconf 84' lang='grc' dir='ltr'>τὸ</span> <span class='ocrx_word' id='word_1_403' title='bbox 693 2056 743 2091; x_wconf 79' lang='grc' dir='ltr'>τῆς</span> <span class='ocrx_word' id='word_1_404' title='bbox 768 2055 904 2089; x_wconf 88' lang='grc' dir='ltr'>πανάγνου</span> 
     </span>
    </p>
   </div>
   <div class='ocr_carea' id='block_1_62' title="bbox 123 2101 906 2139">
    <p class='ocr_par' dir='ltr' id='par_1_62' title="bbox 123 2101 906 2139">
     <span class='ocr_line' id='line_1_62' title="bbox 123 2101 906 2139; baseline -0.004 -9"><span class='ocrx_word' id='word_1_405' title='bbox 123 2103 292 2139; x_wconf 83' lang='grc' dir='ltr'>Θεομήτορος</span> <span class='ocrx_word' id='word_1_406' title='bbox 308 2102 451 2138; x_wconf 71' lang='grc' dir='ltr'>ἐκηδεύετο</span> <span class='ocrx_word' id='word_1_407' title='bbox 464 2102 599 2137; x_wconf 73' lang='grc' dir='ltr'>λείψανον,</span> <span class='ocrx_word' id='word_1_408' title='bbox 616 2103 649 2137; x_wconf 83' lang='grc' dir='ltr'>τῇ</span> <span class='ocrx_word' id='word_1_409' title='bbox 663 2101 711 2128; x_wconf 76' lang='grc' dir='ltr'><strong>τοῦ</strong></span> <span class='ocrx_word' id='word_1_410' title='bbox 724 2102 809 2137; x_wconf 82' lang='grc' dir='ltr'>αὐτῆς</span> <span class='ocrx_word' id='word_1_411' title='bbox 820 2101 906 2137; x_wconf 77' lang='grc' dir='ltr'>ἀφρά-</span> 
     </span>
    </p>
   </div>
   <div class='ocr_carea' id='block_1_63' title="bbox 118 2147 904 2186">
    <p class='ocr_par' dir='ltr' id='par_1_63' title="bbox 118 2147 904 2186">
     <span class='ocr_line' id='line_1_63' title="bbox 118 2147 904 2186; baseline -0.004 -9"><span class='ocrx_word' id='word_1_412' title='bbox 118 2158 195 2182; x_wconf 88' lang='grc' dir='ltr'>,στως</span> <span class='ocrx_word' id='word_1_413' title='bbox 206 2148 414 2186; x_wconf 78' lang='grc' dir='ltr'>σεσαρκωμὲνου</span> <span class='ocrx_word' id='word_1_414' title='bbox 425 2157 456 2176; x_wconf 88' lang='grc' dir='ltr'><strong>τε</strong></span> <span class='ocrx_word' id='word_1_415' title='bbox 472 2148 518 2175; x_wconf 77' lang='grc' dir='ltr'>καὶ</span> <span class='ocrx_word' id='word_1_416' title='bbox 528 2147 725 2184; x_wconf 76' lang='grc' dir='ltr'>γεγεννημένου</span> <span class='ocrx_word' id='word_1_417' title='bbox 736 2147 803 2174; x_wconf 86' lang='grc' dir='ltr'><strong>Θεοῦ</strong></span> <span class='ocrx_word' id='word_1_418' title='bbox 818 2147 904 2182; x_wconf 77' lang='grc' dir='ltr'>Λόγου</span> 
     </span>
    </p>
   </div>
   <div class='ocr_carea' id='block_1_64' title="bbox 124 2193 905 2230">
    <p class='ocr_par' dir='ltr' id='par_1_64' title="bbox 124 2193 905 2230">
     <span class='ocr_line' id='line_1_64' title="bbox 124 2193 905 2230; baseline -0.004 -8"><span class='ocrx_word' id='word_1_419' title='bbox 124 2195 316 2230; x_wconf 83' lang='grc' dir='ltr'>καταφοιτήσει</span> <span class='ocrx_word' id='word_1_420' title='bbox 344 2194 390 2221; x_wconf 82' lang='grc' dir='ltr'>καὶ</span> <span class='ocrx_word' id='word_1_421' title='bbox 415 2194 592 2230; x_wconf 84' lang='grc' dir='ltr'>περιπολήσει</span> <span class='ocrx_word' id='word_1_422' title='bbox 616 2193 824 2230; x_wconf 84' lang='grc' dir='ltr'>γεραιρόμενον,</span> <span class='ocrx_word' id='word_1_423' title='bbox 858 2193 905 2219; x_wconf 77' lang='grc' dir='ltr'><strong>καὶ</strong></span> 
     </span>
    </p>
   </div>
   <div class='ocr_carea' id='block_1_65' title="bbox 123 2237 941 2276">
    <p class='ocr_par' dir='ltr' id='par_1_65' title="bbox 123 2237 941 2276">
     <span class='ocr_line' id='line_1_65' title="bbox 123 2237 941 2276; baseline -0.001 -9"><span class='ocrx_word' id='word_1_424' title='bbox 123 2241 183 2272; x_wconf 87' lang='grc' dir='ltr'>ταῖς</span> <span class='ocrx_word' id='word_1_425' title='bbox 207 2240 420 2276; x_wconf 81' lang='grc' dir='ltr'>οὐρανοὸάμοσιν</span> <span class='ocrx_word' id='word_1_426' title='bbox 446 2240 602 2274; x_wconf 64' lang='grc' dir='ltr'>ἀηελικαῖς</span> <span class='ocrx_word' id='word_1_427' title='bbox 626 2238 718 2272; x_wconf 82' lang='grc' dir='ltr'>τάξεσι</span> <span class='ocrx_word' id='word_1_428' title='bbox 742 2238 904 2275; x_wconf 79' lang='grc' dir='ltr'>δορυφορού-</span> <span class='ocrx_word' id='word_1_429' title='bbox 919 2237 941 2266; x_wconf 83' lang='grc' dir='ltr'><strong>Ι)</strong></span> 
     </span>
    </p>
   </div>
   <div class='ocr_carea' id='block_1_66' title="bbox 125 2285 904 2323">
    <p class='ocr_par' dir='ltr' id='par_1_66' title="bbox 125 2285 904 2323">
     <span class='ocr_line' id='line_1_66' title="bbox 125 2285 904 2323; baseline -0.004 -9"><span class='ocrx_word' id='word_1_430' title='bbox 125 2295 215 2323; x_wconf 86' lang='grc' dir='ltr'>μενον,</span> <span class='ocrx_word' id='word_1_431' title='bbox 225 2287 279 2313; x_wconf 83' lang='grc' dir='ltr'><strong>κάκ</strong></span> <span class='ocrx_word' id='word_1_432' title='bbox 293 2286 344 2321; x_wconf 85' lang='grc' dir='ltr'>τῆς</span> <span class='ocrx_word' id='word_1_433' title='bbox 361 2285 429 2312; x_wconf 86' lang='grc' dir='ltr'>Σιὼν</span> <span class='ocrx_word' id='word_1_434' title='bbox 441 2286 486 2312; x_wconf 73' lang='grc' dir='ltr'><strong>ἐπὶ</strong></span> <span class='ocrx_word' id='word_1_435' title='bbox 497 2285 660 2321; x_wconf 88' lang='grc' dir='ltr'>Γεθσημανῆ</span> <span class='ocrx_word' id='word_1_436' title='bbox 676 2285 707 2312; x_wconf 73' lang='grc' dir='ltr'>τὸ</span> <span class='ocrx_word' id='word_1_437' title='bbox 720 2285 904 2321; x_wconf 84' lang='grc' dir='ltr'>οὑρανομίμη-</span> 
     </span>
    </p>
   </div>
   <div class='ocr_carea' id='block_1_67' title="bbox 122 2330 903 2368">
    <p class='ocr_par' dir='ltr' id='par_1_67' title="bbox 122 2330 903 2368">
     <span class='ocr_line' id='line_1_67' title="bbox 122 2330 903 2368; baseline -0.005 -8"><span class='ocrx_word' id='word_1_438' title='bbox 122 2342 169 2360; x_wconf 81' lang='grc' dir='ltr'><strong>τον</strong></span> <span class='ocrx_word' id='word_1_439' title='bbox 183 2333 268 2368; x_wconf 86' lang='grc' dir='ltr'>αὐτῆς</span> <span class='ocrx_word' id='word_1_440' title='bbox 281 2332 393 2368; x_wconf 82' lang='grc' dir='ltr'>τέμενος</span> <span class='ocrx_word' id='word_1_441' title='bbox 408 2333 468 2363; x_wconf 89' lang='grc' dir='ltr'>ταῖς</span> <span class='ocrx_word' id='word_1_442' title='bbox 485 2331 618 2365; x_wconf 79' lang='grc' dir='ltr'>παναγέσι</span> <span class='ocrx_word' id='word_1_443' title='bbox 631 2331 678 2357; x_wconf 71' lang='grc' dir='ltr'>καὶ</span> <span class='ocrx_word' id='word_1_444' title='bbox 688 2330 772 2362; x_wconf 86' lang='grc' dir='ltr'>θείαις</span> <span class='ocrx_word' id='word_1_445' title='bbox 786 2330 903 2356; x_wconf 87' lang='grc' dir='ltr'>ἀποστο-</span> 
     </span>
    </p>
   </div>
   <div class='ocr_carea' id='block_1_68' title="bbox 122 2376 904 2414">
    <p class='ocr_par' dir='ltr' id='par_1_68' title="bbox 122 2376 904 2414">
     <span class='ocr_line' id='line_1_68' title="bbox 122 2376 904 2414; baseline -0.008 -7"><span class='ocrx_word' id='word_1_446' title='bbox 122 2379 211 2410; x_wconf 85' lang='grc' dir='ltr'>λικαϊς</span> <span class='ocrx_word' id='word_1_447' title='bbox 227 2379 323 2414; x_wconf 84' lang='grc' dir='ltr'>κάραις</span> <span class='ocrx_word' id='word_1_448' title='bbox 335 2386 364 2404; x_wconf 91' lang='grc' dir='ltr'><strong>τε</strong></span> <span class='ocrx_word' id='word_1_449' title='bbox 377 2377 424 2404; x_wconf 75' lang='grc' dir='ltr'>καὶ</span> <span class='ocrx_word' id='word_1_450' title='bbox 439 2377 550 2409; x_wconf 81' lang='grc' dir='ltr'>ὠλέναις</span> <span class='ocrx_word' id='word_1_451' title='bbox 564 2377 766 2412; x_wconf 81' lang='grc' dir='ltr'>μεταιρόμενον,</span> <span class='ocrx_word' id='word_1_452' title='bbox 781 2376 828 2402; x_wconf 78' lang='grc' dir='ltr'>καὶ</span> <span class='ocrx_word' id='word_1_453' title='bbox 844 2377 904 2407; x_wconf 87' lang='grc' dir='ltr'>ταῖς</span> 
     </span>
    </p>
   </div>
   <div class='ocr_carea' id='block_1_69' title="bbox 123 2421 903 2460">
    <p class='ocr_par' dir='ltr' id='par_1_69' title="bbox 123 2421 903 2460">
     <span class='ocr_line' id='line_1_69' title="bbox 123 2421 903 2460; baseline -0.006 -8"><span class='ocrx_word' id='word_1_454' title='bbox 123 2424 382 2460; x_wconf 77' lang='grc' dir='ltr'>πνευματοκινήτοις</span> <span class='ocrx_word' id='word_1_455' title='bbox 404 2423 573 2458; x_wconf 84' lang='grc' dir='ltr'>πυροειδέσι,</span> <span class='ocrx_word' id='word_1_456' title='bbox 590 2422 637 2448; x_wconf 79' lang='grc' dir='ltr'><strong>καὶ</strong></span> <span class='ocrx_word' id='word_1_457' title='bbox 660 2421 903 2455; x_wconf 82' lang='grc' dir='ltr'>θεολογικωτάταις</span> 
     </span>
    </p>
   </div>
   <div class='ocr_carea' id='block_1_70' title="bbox 114 2466 904 2507">
    <p class='ocr_par' dir='ltr' id='par_1_70' title="bbox 114 2466 904 2507">
     <span class='ocr_line' id='line_1_70' title="bbox 114 2466 904 2507; baseline -0.009 -8"><span class='ocrx_word' id='word_1_458' title='bbox 114 2471 256 2507; x_wconf 78' lang='grc' dir='ltr'><strong>¹γλώτταις</strong></span> <span class='ocrx_word' id='word_1_459' title='bbox 281 2469 447 2505; x_wconf 77' lang='grc' dir='ltr'>ὑμνούμενόν</span> <span class='ocrx_word' id='word_1_460' title='bbox 468 2477 499 2495; x_wconf 90' lang='grc' dir='ltr'><strong>τε</strong></span> <span class='ocrx_word' id='word_1_461' title='bbox 519 2468 565 2495; x_wconf 80' lang='grc' dir='ltr'>καὶ</span> <span class='ocrx_word' id='word_1_462' title='bbox 588 2466 826 2502; x_wconf 69' lang='grc' dir='ltr'>δοξολογοΰμενοψ</span> <span class='ocrx_word' id='word_1_463' title='bbox 843 2466 904 2493; x_wconf 82' lang='grc' dir='ltr'>ὅθεν</span> 
     </span>
    </p>
   </div>
   <div class='ocr_carea' id='block_1_71' title="bbox 122 2511 904 2553">
    <p class='ocr_par' dir='ltr' id='par_1_71' title="bbox 122 2511 904 2553">
     <span class='ocr_line' id='line_1_71' title="bbox 122 2511 904 2553; baseline -0.01 -8"><span class='ocrx_word' id='word_1_464' title='bbox 122 2517 267 2553; x_wconf 79' lang='grc' dir='ltr'>ὁλόκληρος</span> <span class='ocrx_word' id='word_1_465' title='bbox 284 2515 352 2552; x_wconf 79' lang='grc' dir='ltr'><strong>μετά</strong></span> <span class='ocrx_word' id='word_1_466' title='bbox 373 2515 423 2550; x_wconf 87' lang='grc' dir='ltr'>τὴν</span> <span class='ocrx_word' id='word_1_467' title='bbox 446 2515 475 2541; x_wconf 75' lang='grc' dir='ltr'>ὲν</span> <span class='ocrx_word' id='word_1_468' title='bbox 496 2514 616 2550; x_wconf 83' lang='grc' dir='ltr'>μνήματι</span> <span class='ocrx_word' id='word_1_469' title='bbox 632 2512 779 2540; x_wconf 70' lang='grc' dir='ltr'>κατάθεσιν</span> <span class='ocrx_word' id='word_1_470' title='bbox 795 2513 835 2543; x_wconf 83' lang='grc' dir='ltr'><strong>είς</strong></span> <span class='ocrx_word' id='word_1_471' title='bbox 854 2511 904 2548; x_wconf 77' lang='grc' dir='ltr'>τὴν</span> 
     </span>
    </p>
   </div>
   <div class='ocr_carea' id='block_1_72' title="bbox 123 2557 903 2600">
    <p class='ocr_par' dir='ltr' id='par_1_72' title="bbox 123 2557 903 2600">
     <span class='ocr_line' id='line_1_72' title="bbox 123 2557 903 2600; baseline -0.009 -10"><span class='ocrx_word' id='word_1_472' title='bbox 123 2563 317 2600; x_wconf 76' lang='grc' dir='ltr'>ὑπερουράνιον</span> <span class='ocrx_word' id='word_1_473' title='bbox 341 2560 477 2596; x_wconf 79' lang='grc' dir='ltr'>ἀνελήφθη</span> <span class='ocrx_word' id='word_1_474' title='bbox 496 2558 572 2595; x_wconf 78' lang='grc' dir='ltr'>λῆξιν</span> <span class='ocrx_word' id='word_1_475' title='bbox 587 2559 604 2595; x_wconf 77' lang='grc' dir='ltr'>ἡ</span> <span class='ocrx_word' id='word_1_476' title='bbox 622 2559 729 2585; x_wconf 85' lang='grc' dir='ltr'>πάντων</span> <span class='ocrx_word' id='word_1_477' title='bbox 745 2557 800 2584; x_wconf 86' lang='grc' dir='ltr'>τῶν</span> <span class='ocrx_word' id='word_1_478' title='bbox 820 2557 903 2593; x_wconf 80' lang='grc' dir='ltr'>οὐρα-</span> 
     </span>
    </p>
   </div>
   <div class='ocr_carea' id='block_1_73' title="bbox 123 2603 902 2644">
    <p class='ocr_par' dir='ltr' id='par_1_73' title="bbox 123 2603 902 2644">
     <span class='ocr_line' id='line_1_73' title="bbox 123 2603 902 2644; baseline -0.009 -8"><span class='ocrx_word' id='word_1_479' title='bbox 123 2610 187 2637; x_wconf 86' lang='grc' dir='ltr'>νίων</span> <span class='ocrx_word' id='word_1_480' title='bbox 213 2607 350 2644; x_wconf 77' lang='grc' dir='ltr'>ὑπερτέρα</span> <span class='ocrx_word' id='word_1_481' title='bbox 370 2606 529 2642; x_wconf 85' lang='grc' dir='ltr'>δυνάμεων,</span> <span class='ocrx_word' id='word_1_482' title='bbox 550 2604 597 2632; x_wconf 80' lang='grc' dir='ltr'><strong>καὶ</strong></span> <span class='ocrx_word' id='word_1_483' title='bbox 622 2604 712 2640; x_wconf 83' lang='grc' dir='ltr'>πάσης</span> <span class='ocrx_word' id='word_1_484' title='bbox 736 2603 902 2635; x_wconf 75' lang='grc' dir='ltr'>δεσπόζουσα</span> 
     </span>
    </p>
   </div>
   <div class='ocr_carea' id='block_1_74' title="bbox 123 2654 246 2686">
    <p class='ocr_par' dir='ltr' id='par_1_74' title="bbox 123 2654 246 2686">
     <span class='ocr_line' id='line_1_74' title="bbox 123 2654 246 2686; baseline -0.016 -4"><span class='ocrx_word' id='word_1_485' title='bbox 123 2654 246 2686; x_wconf 87' lang='grc' dir='ltr'>κτίσεως.</span> 
     </span>
    </p>
   </div>
   <div class='ocr_carea' id='block_1_75' title="bbox 157 2781 898 2820">
    <p class='ocr_par' dir='ltr' id='par_1_75' title="bbox 157 2781 898 2820">
     <span class='ocr_line' id='line_1_75' title="bbox 157 2781 898 2820; baseline -0.005 -8"><span class='ocrx_word' id='word_1_486' title='bbox 157 2783 265 2812; x_wconf 59' lang='lat' dir='ltr'><strong>Kac-:06</strong></span> <span class='ocrx_word' id='word_1_487' title='bbox 274 2783 321 2811; x_wconf 80' lang='grc' dir='ltr'>τοῦ</span> <span class='ocrx_word' id='word_1_488' title='bbox 335 2783 512 2820; x_wconf 84' lang='grc' dir='ltr'>θεοφάντορος</span> <span class='ocrx_word' id='word_1_489' title='bbox 524 2783 670 2810; x_wconf 79' lang='grc' dir='ltr'>ἀκουστέον</span> <span class='ocrx_word' id='word_1_490' title='bbox 679 2781 882 2818; x_wconf 86' lang='grc' dir='ltr'>διαγορεύοντος</span> <span class='ocrx_word' id='word_1_491' title='bbox 892 2791 898 2797; x_wconf 90' lang='grc'><strong>·</strong></span> 
     </span>
    </p>
   </div>
   <div class='ocr_carea' id='block_1_76' title="bbox 113 2828 899 2867">
    <p class='ocr_par' dir='ltr' id='par_1_76' title="bbox 113 2828 899 2867">
     <span class='ocr_line' id='line_1_76' title="bbox 113 2828 899 2867; baseline -0.004 -10"><span class='ocrx_word' id='word_1_492' title='bbox 113 2832 214 2867; x_wconf 54' lang='grc' dir='ltr'>τῑτερος</span> <span class='ocrx_word' id='word_1_493' title='bbox 227 2830 280 2867; x_wconf 88' lang='grc' dir='ltr'><strong>γὰρ</strong></span> <span class='ocrx_word' id='word_1_494' title='bbox 294 2831 345 2857; x_wconf 82' lang='grc' dir='ltr'>οὐκ</span> <span class='ocrx_word' id='word_1_495' title='bbox 358 2829 390 2858; x_wconf 76' lang='grc' dir='ltr'>ἂν</span> <span class='ocrx_word' id='word_1_496' title='bbox 409 2829 452 2865; x_wconf 69' lang='grc' dir='ltr'>εἴη</span> <span class='ocrx_word' id='word_1_497' title='bbox 475 2830 579 2865; x_wconf 84' lang='grc' dir='ltr'>μάρτυς</span> <span class='ocrx_word' id='word_1_498' title='bbox 600 2828 818 2865; x_wconf 77' lang='grc' dir='ltr'>ἀξιοπιστότερος</span> <span class='ocrx_word' id='word_1_499' title='bbox 834 2829 899 2865; x_wconf 77' lang='grc' dir='ltr'>περὶ</span> 
     </span>
    </p>
   </div>
   <div class='ocr_carea' id='block_1_77' title="bbox 112 2868 900 2921">
    <p class='ocr_par' dir='ltr' id='par_1_77' title="bbox 112 2868 900 2921">
     <span class='ocr_line' id='line_1_77' title="bbox 112 2868 900 2921; baseline -0.005 -16"><span class='ocrx_word' id='word_1_500' title='bbox 112 2868 172 2921; x_wconf 31' lang='lat' dir='ltr'><strong>isi;</strong></span> <span class='ocrx_word' id='word_1_501' title='bbox 196 2876 415 2913; x_wconf 78' lang='grc' dir='ltr'>ἀγγελοπρεποῦς</span> <span class='ocrx_word' id='word_1_502' title='bbox 429 2876 479 2913; x_wconf 81' lang='grc' dir='ltr'>τῆς</span> <span class='ocrx_word' id='word_1_503' title='bbox 502 2875 642 2911; x_wconf 78' lang='grc' dir='ltr'>ῑσαγγὲλου</span> <span class='ocrx_word' id='word_1_504' title='bbox 665 2875 772 2911; x_wconf 85' lang='grc' dir='ltr'>χορείας</span> <span class='ocrx_word' id='word_1_505' title='bbox 795 2875 900 2911; x_wconf 69' lang='grc' dir='ltr'>ἐκείνης</span> 
     </span>
    </p>
   </div>
   <div class='ocr_carea' id='block_1_78' title="bbox 189 2928 206 2940">
    <p class='ocr_par' dir='ltr' id='par_1_78' title="bbox 189 2928 206 2940">
     <span class='ocr_line' id='line_1_78' title="bbox 189 2928 206 2940; baseline 0 0"><span class='ocrx_word' id='word_1_506' title='bbox 189 2928 206 2940; x_wconf 64' lang='grc' dir='ltr'><strong><em>υ</em></strong></span> 
     </span>
    </p>
   </div>
   <div class='ocr_carea' id='block_1_79' title="bbox 963 946 1746 986">
    <p class='ocr_par' dir='ltr' id='par_1_79' title="bbox 963 946 1746 986">
     <span class='ocr_line' id='line_1_79' title="bbox 963 946 1746 986; baseline 0.01 -14"><span class='ocrx_word' id='word_1_507' title='bbox 963 946 1142 981; x_wconf 82' lang='lat' dir='ltr'><strong>ignorationis</strong></span> <span class='ocrx_word' id='word_1_508' title='bbox 1163 946 1313 982; x_wconf 89' lang='lat' dir='ltr'><strong>profundo,</strong></span> <span class='ocrx_word' id='word_1_509' title='bbox 1335 948 1438 976; x_wconf 86' lang='lat' dir='ltr'><strong>erroris</strong></span> <span class='ocrx_word' id='word_1_510' title='bbox 1461 949 1578 985; x_wconf 74' lang='lat' dir='ltr'><strong>caligine</strong></span> <span class='ocrx_word' id='word_1_511' title='bbox 1598 958 1746 986; x_wconf 79' lang='lat' dir='ltr'><strong>oppressos</strong></span> 
     </span>
    </p>
   </div>
   <div class='ocr_carea' id='block_1_80' title="bbox 962 991 1746 1032">
    <p class='ocr_par' dir='ltr' id='par_1_80' title="bbox 962 991 1746 1032">
     <span class='ocr_line' id='line_1_80' title="bbox 962 991 1746 1032; baseline 0.008 -14"><span class='ocrx_word' id='word_1_512' title='bbox 962 991 996 1018; x_wconf 89' lang='lat' dir='ltr'><strong>ad</strong></span> <span class='ocrx_word' id='word_1_513' title='bbox 1011 992 1134 1020; x_wconf 81' lang='lat' dir='ltr'><strong>veritatis</strong></span> <span class='ocrx_word' id='word_1_514' title='bbox 1159 993 1247 1020; x_wconf 89' lang='lat' dir='ltr'><strong>lucem</strong></span> <span class='ocrx_word' id='word_1_515' title='bbox 1264 993 1439 1028; x_wconf 89' lang='lat' dir='ltr'><strong>provehebat.</strong></span> <span class='ocrx_word' id='word_1_516' title='bbox 1461 993 1529 1022; x_wconf 85' lang='lat' dir='ltr'><strong>Nam</strong></span> <span class='ocrx_word' id='word_1_517' title='bbox 1543 996 1616 1030; x_wconf 87' lang='lat' dir='ltr'><strong>quod</strong></span> <span class='ocrx_word' id='word_1_518' title='bbox 1633 996 1668 1024; x_wconf 90' lang='lat' dir='ltr'><strong>iis</strong></span> <span class='ocrx_word' id='word_1_519' title='bbox 1682 997 1746 1032; x_wconf 91' lang='lat' dir='ltr'><strong>qni-</strong></span> 
     </span>
    </p>
   </div>
   <div class='ocr_carea' id='block_1_81' title="bbox 961 1035 1743 1074">
    <p class='ocr_par' dir='ltr' id='par_1_81' title="bbox 961 1035 1743 1074">
     <span class='ocr_line' id='line_1_81' title="bbox 961 1035 1743 1074; baseline 0.01 -11"><span class='ocrx_word' id='word_1_520' title='bbox 961 1035 1013 1063; x_wconf 90' lang='lat' dir='ltr'><strong>bus</strong></span> <span class='ocrx_word' id='word_1_521' title='bbox 1027 1041 1076 1071; x_wconf 80' lang='lat' dir='ltr'><strong>per</strong></span> <span class='ocrx_word' id='word_1_522' title='bbox 1090 1037 1181 1066; x_wconf 83' lang='lat' dir='ltr'><strong>varias</strong></span> <span class='ocrx_word' id='word_1_523' title='bbox 1197 1038 1323 1074; x_wconf 80' lang='lat' dir='ltr'><strong>regiones</strong></span> <span class='ocrx_word' id='word_1_524' title='bbox 1340 1041 1422 1074; x_wconf 89' lang='lat' dir='ltr'><strong>atque</strong></span> <span class='ocrx_word' id='word_1_525' title='bbox 1438 1039 1544 1068; x_wconf 89' lang='lat' dir='ltr'><strong>insulas</strong></span> <span class='ocrx_word' id='word_1_526' title='bbox 1559 1040 1743 1071; x_wconf 84' lang='lat' dir='ltr'><strong>Ecclesiarum</strong></span> 
     </span>
    </p>
   </div>
   <div class='ocr_carea' id='block_1_82' title="bbox 960 1081 1743 1121">
    <p class='ocr_par' dir='ltr' id='par_1_82' title="bbox 960 1081 1743 1121">
     <span class='ocr_line' id='line_1_82' title="bbox 960 1081 1743 1121; baseline 0.009 -14"><span class='ocrx_word' id='word_1_527' title='bbox 960 1081 1121 1115; x_wconf 67' lang='lat' dir='ltr'><strong>praefectura</strong></span> <span class='ocrx_word' id='word_1_528' title='bbox 1137 1081 1309 1117; x_wconf 78' lang='lat' dir='ltr'><strong>ofﬁciumque</strong></span> <span class='ocrx_word' id='word_1_529' title='bbox 1324 1083 1509 1111; x_wconf 87' lang='lat' dir='ltr'><strong>concreditum</strong></span> <span class='ocrx_word' id='word_1_530' title='bbox 1524 1089 1598 1117; x_wconf 88' lang='lat' dir='ltr'><strong>erat,</strong></span> <span class='ocrx_word' id='word_1_531' title='bbox 1613 1089 1743 1121; x_wconf 80' lang='lat' dir='ltr'><strong>tanquam</strong></span> 
     </span>
    </p>
   </div>
   <div class='ocr_carea' id='block_1_83' title="bbox 960 1127 1745 1165">
    <p class='ocr_par' dir='ltr' id='par_1_83' title="bbox 960 1127 1745 1165">
     <span class='ocr_line' id='line_1_83' title="bbox 960 1127 1745 1165; baseline 0.008 -11"><span class='ocrx_word' id='word_1_532' title='bbox 960 1127 1057 1155; x_wconf 84' lang='lat' dir='ltr'><strong>doctor</strong></span> <span class='ocrx_word' id='word_1_533' title='bbox 1078 1132 1106 1156; x_wconf 88' lang='lat' dir='ltr'><strong>et</strong></span> <span class='ocrx_word' id='word_1_534' title='bbox 1130 1128 1199 1156; x_wconf 91' lang='lat' dir='ltr'><strong>alius</strong></span> <span class='ocrx_word' id='word_1_535' title='bbox 1214 1129 1324 1164; x_wconf 88' lang='lat' dir='ltr'><strong>quidam</strong></span> <span class='ocrx_word' id='word_1_536' title='bbox 1340 1137 1464 1158; x_wconf 89' lang='lat' dir='ltr'><strong>summus</strong></span> <span class='ocrx_word' id='word_1_537' title='bbox 1478 1131 1633 1165; x_wconf 85' lang='lat' dir='ltr'><strong>apostolus,</strong></span> <span class='ocrx_word' id='word_1_538' title='bbox 1650 1140 1745 1160; x_wconf 71' lang='lat' dir='ltr'><strong>exem-</strong></span> 
     </span>
    </p>
   </div>
   <div class='ocr_carea' id='block_1_84' title="bbox 959 1173 1742 1213">
    <p class='ocr_par' dir='ltr' id='par_1_84' title="bbox 959 1173 1742 1213">
     <span class='ocr_line' id='line_1_84' title="bbox 959 1173 1742 1213; baseline 0.008 -13"><span class='ocrx_word' id='word_1_539' title='bbox 959 1173 1045 1208; x_wconf 89' lang='lat' dir='ltr'><strong>plaria</strong></span> <span class='ocrx_word' id='word_1_540' title='bbox 1061 1173 1208 1206; x_wconf 79' lang='lat' dir='ltr'><strong>doctrinae,</strong></span> <span class='ocrx_word' id='word_1_541' title='bbox 1231 1178 1258 1202; x_wconf 89' lang='lat' dir='ltr'><strong>et</strong></span> <span class='ocrx_word' id='word_1_542' title='bbox 1281 1175 1383 1202; x_wconf 75' lang='lat' dir='ltr'><strong>munita</strong></span> <span class='ocrx_word' id='word_1_543' title='bbox 1405 1176 1544 1203; x_wconf 87' lang='lat' dir='ltr'><strong>recondita</strong></span> <span class='ocrx_word' id='word_1_544' title='bbox 1564 1183 1742 1213; x_wconf 80' lang='lat' dir='ltr'><strong>proponeret,</strong></span> 
     </span>
    </p>
   </div>
   <div class='ocr_carea' id='block_1_85' title="bbox 958 1219 1742 1259">
    <p class='ocr_par' dir='ltr' id='par_1_85' title="bbox 958 1219 1742 1259">
     <span class='ocr_line' id='line_1_85' title="bbox 958 1219 1742 1259; baseline 0.008 -13"><span class='ocrx_word' id='word_1_545' title='bbox 958 1223 1053 1254; x_wconf 86' lang='lat' dir='ltr'><strong>aperte</strong></span> <span class='ocrx_word' id='word_1_546' title='bbox 1074 1219 1214 1247; x_wconf 84' lang='lat' dir='ltr'><strong>declarant</strong></span> <span class='ocrx_word' id='word_1_547' title='bbox 1235 1220 1280 1247; x_wconf 85' lang='lat' dir='ltr'><strong>illa</strong></span> <span class='ocrx_word' id='word_1_548' title='bbox 1305 1220 1399 1248; x_wconf 84' lang='lat' dir='ltr'><strong>divina</strong></span> <span class='ocrx_word' id='word_1_549' title='bbox 1417 1225 1446 1248; x_wconf 86' lang='lat' dir='ltr'><strong>ct</strong></span> <span class='ocrx_word' id='word_1_550' title='bbox 1468 1223 1582 1258; x_wconf 78' lang='lat' dir='ltr'><strong>mystica</strong></span> <span class='ocrx_word' id='word_1_551' title='bbox 1606 1230 1742 1259; x_wconf 63' lang='lat' dir='ltr'><strong>praecepta</strong></span> 
     </span>
    </p>
   </div>
   <div class='ocr_carea' id='block_1_86' title="bbox 957 1265 1742 1306">
    <p class='ocr_par' dir='ltr' id='par_1_86' title="bbox 957 1265 1742 1306">
     <span class='ocr_line' id='line_1_86' title="bbox 957 1265 1742 1306; baseline 0.009 -14"><span class='ocrx_word' id='word_1_552' title='bbox 957 1273 1018 1301; x_wconf 64' lang='lat' dir='ltr'><strong>quae</strong></span> <span class='ocrx_word' id='word_1_553' title='bbox 1032 1265 1066 1292; x_wconf 84' lang='lat' dir='ltr'><strong>ab</strong></span> <span class='ocrx_word' id='word_1_554' title='bbox 1082 1266 1142 1301; x_wconf 91' lang='lat' dir='ltr'><strong>ipso</strong></span> <span class='ocrx_word' id='word_1_555' title='bbox 1157 1265 1257 1293; x_wconf 80' lang='lat' dir='ltr'><strong>tradita</strong></span> <span class='ocrx_word' id='word_1_556' title='bbox 1273 1266 1398 1302; x_wconf 86' lang='lat' dir='ltr'><strong>leguntur</strong></span> <span class='ocrx_word' id='word_1_557' title='bbox 1413 1268 1596 1297; x_wconf 80' lang='lat' dir='ltr'><strong>sanctissimis</strong></span> <span class='ocrx_word' id='word_1_558' title='bbox 1609 1269 1742 1306; x_wconf 85' lang='lat' dir='ltr'><strong>Ephesio-</strong></span> 
     </span>
    </p>
   </div>
   <div class='ocr_carea' id='block_1_87' title="bbox 957 1309 1741 1350">
    <p class='ocr_par' dir='ltr' id='par_1_87' title="bbox 957 1309 1741 1350">
     <span class='ocr_line' id='line_1_87' title="bbox 957 1309 1741 1350; baseline 0.009 -13"><span class='ocrx_word' id='word_1_559' title='bbox 957 1318 1029 1343; x_wconf 89' lang='lat' dir='ltr'><strong>rum,</strong></span> <span class='ocrx_word' id='word_1_560' title='bbox 1043 1309 1252 1346; x_wconf 87' lang='lat' dir='ltr'><strong>Smyrnensium</strong></span> <span class='ocrx_word' id='word_1_561' title='bbox 1280 1315 1362 1348; x_wconf 85' lang='lat' dir='ltr'><strong>atque</strong></span> <span class='ocrx_word' id='word_1_562' title='bbox 1378 1311 1549 1341; x_wconf 85' lang='lat' dir='ltr'><strong>Cretensium</strong></span> <span class='ocrx_word' id='word_1_563' title='bbox 1567 1316 1741 1350; x_wconf 65' lang='lat' dir='ltr'><strong>praesulibus.</strong></span> 
     </span>
    </p>
   </div>
   <div class='ocr_carea' id='block_1_88' title="bbox 957 1355 1741 1395">
    <p class='ocr_par' dir='ltr' id='par_1_88' title="bbox 957 1355 1741 1395">
     <span class='ocr_line' id='line_1_88' title="bbox 957 1355 1741 1395; baseline 0.009 -13"><span class='ocrx_word' id='word_1_564' title='bbox 957 1355 1113 1388; x_wconf 87' lang='lat' dir='ltr'><strong>Timotheo,</strong></span> <span class='ocrx_word' id='word_1_565' title='bbox 1137 1355 1286 1392; x_wconf 83' lang='lat' dir='ltr'><strong>Polycarpo</strong></span> <span class='ocrx_word' id='word_1_566' title='bbox 1311 1361 1339 1385; x_wconf 89' lang='lat' dir='ltr'><strong>et</strong></span> <span class='ocrx_word' id='word_1_567' title='bbox 1363 1356 1440 1390; x_wconf 80' lang='lat' dir='ltr'><strong>Tito,</strong></span> <span class='ocrx_word' id='word_1_568' title='bbox 1464 1367 1534 1394; x_wconf 91' lang='lat' dir='ltr'><strong>quos</strong></span> <span class='ocrx_word' id='word_1_569' title='bbox 1560 1361 1618 1395; x_wconf 78' lang='lat' dir='ltr'><strong>ipsa</strong></span> <span class='ocrx_word' id='word_1_570' title='bbox 1645 1369 1741 1389; x_wconf 84' lang='lat' dir='ltr'><strong>sacro-</strong></span> 
     </span>
    </p>
   </div>
   <div class='ocr_carea' id='block_1_89' title="bbox 956 1400 1741 1441">
    <p class='ocr_par' dir='ltr' id='par_1_89' title="bbox 956 1400 1741 1441">
     <span class='ocr_line' id='line_1_89' title="bbox 956 1400 1741 1441; baseline 0.01 -14"><span class='ocrx_word' id='word_1_571' title='bbox 956 1403 1058 1428; x_wconf 71' lang='lat' dir='ltr'><strong>sancta:</strong></span> <span class='ocrx_word' id='word_1_572' title='bbox 1073 1400 1202 1429; x_wconf 75' lang='lat' dir='ltr'><strong>Ecclesia:</strong></span> <span class='ocrx_word' id='word_1_573' title='bbox 1216 1400 1390 1430; x_wconf 81' lang='lat' dir='ltr'><strong>fundamenta</strong></span> <span class='ocrx_word' id='word_1_574' title='bbox 1400 1423 1407 1436; x_wconf 91' lang='lat'><strong>,</strong></span> <span class='ocrx_word' id='word_1_575' title='bbox 1430 1405 1568 1438; x_wconf 85' lang='lat' dir='ltr'><strong>apostolos</strong></span> <span class='ocrx_word' id='word_1_576' title='bbox 1586 1406 1691 1441; x_wconf 89' lang='lat' dir='ltr'><strong>loquor,</strong></span> <span class='ocrx_word' id='word_1_577' title='bbox 1711 1408 1741 1435; x_wconf 87' lang='lat' dir='ltr'><strong>in</strong></span> 
     </span>
    </p>
   </div>
   <div class='ocr_carea' id='block_1_90' title="bbox 956 1446 1739 1483">
    <p class='ocr_par' dir='ltr' id='par_1_90' title="bbox 956 1446 1739 1483">
     <span class='ocr_line' id='line_1_90' title="bbox 956 1446 1739 1483; baseline 0.005 -9"><span class='ocrx_word' id='word_1_578' title='bbox 956 1446 1100 1481; x_wconf 85' lang='lat' dir='ltr'><strong>episcopos</strong></span> <span class='ocrx_word' id='word_1_579' title='bbox 1122 1447 1307 1483; x_wconf 86' lang='lat' dir='ltr'><strong>designarant.</strong></span> <span class='ocrx_word' id='word_1_580' title='bbox 1330 1447 1409 1481; x_wconf 84' lang='lat' dir='ltr'><strong>Quod</strong></span> <span class='ocrx_word' id='word_1_581' title='bbox 1432 1456 1497 1476; x_wconf 90' lang='lat' dir='ltr'><strong>vero</strong></span> <span class='ocrx_word' id='word_1_582' title='bbox 1520 1457 1632 1476; x_wconf 90' lang='lat' dir='ltr'><strong>cursum</strong></span> <span class='ocrx_word' id='word_1_583' title='bbox 1656 1452 1739 1478; x_wconf 83' lang='lat' dir='ltr'><strong>etiam</strong></span> 
     </span>
    </p>
   </div>
   <div class='ocr_carea' id='block_1_91' title="bbox 955 1492 1741 1528">
    <p class='ocr_par' dir='ltr' id='par_1_91' title="bbox 955 1492 1741 1528">
     <span class='ocr_line' id='line_1_91' title="bbox 955 1492 1741 1528; baseline 0.006 -10"><span class='ocrx_word' id='word_1_584' title='bbox 955 1492 1134 1527; x_wconf 85' lang='lat' dir='ltr'><strong>apostolicum</strong></span> <span class='ocrx_word' id='word_1_585' title='bbox 1158 1493 1321 1528; x_wconf 82' lang='lat' dir='ltr'><strong>perfecerit,</strong></span> <span class='ocrx_word' id='word_1_586' title='bbox 1336 1497 1363 1520; x_wconf 91' lang='lat' dir='ltr'><strong>et</strong></span> <span class='ocrx_word' id='word_1_587' title='bbox 1375 1493 1542 1522; x_wconf 82' lang='lat' dir='ltr'><strong>admirandis</strong></span> <span class='ocrx_word' id='word_1_588' title='bbox 1561 1495 1642 1523; x_wconf 90' lang='lat' dir='ltr'><strong>editis</strong></span> <span class='ocrx_word' id='word_1_589' title='bbox 1657 1496 1741 1523; x_wconf 86' lang='lat' dir='ltr'><strong>mira-</strong></span> 
     </span>
    </p>
   </div>
   <div class='ocr_carea' id='block_1_92' title="bbox 956 1537 1739 1575">
    <p class='ocr_par' dir='ltr' id='par_1_92' title="bbox 956 1537 1739 1575">
     <span class='ocr_line' id='line_1_92' title="bbox 956 1537 1739 1575; baseline 0.008 -12"><span class='ocrx_word' id='word_1_590' title='bbox 956 1538 1026 1564; x_wconf 84' lang='lat' dir='ltr'><strong>culis</strong></span> <span class='ocrx_word' id='word_1_591' title='bbox 1039 1537 1170 1565; x_wconf 82' lang='lat' dir='ltr'><strong>divinitus</strong></span> <span class='ocrx_word' id='word_1_592' title='bbox 1185 1538 1320 1573; x_wconf 85' lang='lat' dir='ltr'><strong>gloriosus</strong></span> <span class='ocrx_word' id='word_1_593' title='bbox 1338 1538 1512 1573; x_wconf 85' lang='lat' dir='ltr'><strong>apparuerit,</strong></span> <span class='ocrx_word' id='word_1_594' title='bbox 1530 1540 1615 1567; x_wconf 91' lang='lat' dir='ltr'><strong>multa</strong></span> <span class='ocrx_word' id='word_1_595' title='bbox 1629 1541 1739 1575; x_wconf 87' lang='lat' dir='ltr'><strong>quidem</strong></span> 
     </span>
    </p>
   </div>
   <div class='ocr_carea' id='block_1_93' title="bbox 957 1582 1739 1621">
    <p class='ocr_par' dir='ltr' id='par_1_93' title="bbox 957 1582 1739 1621">
     <span class='ocr_line' id='line_1_93' title="bbox 957 1582 1739 1621; baseline 0.006 -12"><span class='ocrx_word' id='word_1_596' title='bbox 957 1586 984 1610; x_wconf 88' lang='lat' dir='ltr'><strong>et</strong></span> <span class='ocrx_word' id='word_1_597' title='bbox 1000 1583 1052 1610; x_wconf 85' lang='lat' dir='ltr'><strong>alia</strong></span> <span class='ocrx_word' id='word_1_598' title='bbox 1066 1582 1146 1610; x_wconf 78' lang='lat' dir='ltr'><strong>fidem</strong></span> <span class='ocrx_word' id='word_1_599' title='bbox 1158 1583 1275 1615; x_wconf 80' lang='lat' dir='ltr'><strong>facient.</strong></span> <span class='ocrx_word' id='word_1_600' title='bbox 1290 1584 1390 1618; x_wconf 83' lang='lat' dir='ltr'><strong>quibus</strong></span> <span class='ocrx_word' id='word_1_601' title='bbox 1405 1592 1523 1619; x_wconf 88' lang='lat' dir='ltr'><strong>sequens</strong></span> <span class='ocrx_word' id='word_1_602' title='bbox 1539 1586 1642 1617; x_wconf 84' lang='lat' dir='ltr'><strong>oratio.</strong></span> <span class='ocrx_word' id='word_1_603' title='bbox 1658 1587 1739 1621; x_wconf 84' lang='lat' dir='ltr'><strong>quasi</strong></span> 
     </span>
    </p>
   </div>
   <div class='ocr_carea' id='block_1_94' title="bbox 957 1627 1738 1666">
    <p class='ocr_par' dir='ltr' id='par_1_94' title="bbox 957 1627 1738 1666">
     <span class='ocr_line' id='line_1_94' title="bbox 957 1627 1738 1666; baseline 0.006 -11"><span class='ocrx_word' id='word_1_604' title='bbox 957 1627 985 1655; x_wconf 89' lang='lat' dir='ltr'><strong>in</strong></span> <span class='ocrx_word' id='word_1_605' title='bbox 999 1632 1168 1660; x_wconf 78' lang='lat' dir='ltr'><strong>transcursu,</strong></span> <span class='ocrx_word' id='word_1_606' title='bbox 1183 1629 1383 1657; x_wconf 82' lang='lat' dir='ltr'><strong>manifestando</strong></span> <span class='ocrx_word' id='word_1_607' title='bbox 1401 1634 1541 1664; x_wconf 88' lang='lat' dir='ltr'><strong>percurret</strong></span> <span class='ocrx_word' id='word_1_608' title='bbox 1563 1632 1657 1666; x_wconf 83' lang='lat' dir='ltr'><strong>gravia</strong></span> <span class='ocrx_word' id='word_1_609' title='bbox 1674 1640 1738 1660; x_wconf 90' lang='lat' dir='ltr'><strong>cer-</strong></span> 
     </span>
    </p>
   </div>
   <div class='ocr_carea' id='block_1_95' title="bbox 957 1673 1739 1711">
    <p class='ocr_par' dir='ltr' id='par_1_95' title="bbox 957 1673 1739 1711">
     <span class='ocr_line' id='line_1_95' title="bbox 957 1673 1739 1711; baseline 0.005 -11"><span class='ocrx_word' id='word_1_610' title='bbox 957 1673 1058 1701; x_wconf 80' lang='lat' dir='ltr'><strong>tamina</strong></span> <span class='ocrx_word' id='word_1_611' title='bbox 1072 1681 1133 1708; x_wconf 66' lang='lat' dir='ltr'><strong>qua:</strong></span> <span class='ocrx_word' id='word_1_612' title='bbox 1147 1674 1192 1701; x_wconf 93' lang='lat' dir='ltr'><strong>ille</strong></span> <span class='ocrx_word' id='word_1_613' title='bbox 1207 1674 1355 1702; x_wconf 73' lang='lat' dir='ltr'><strong>fortissime</strong></span> <span class='ocrx_word' id='word_1_614' title='bbox 1365 1674 1516 1703; x_wconf 88' lang='lat' dir='ltr'><strong>dimicavit.</strong></span> <span class='ocrx_word' id='word_1_615' title='bbox 1532 1675 1586 1703; x_wconf 85' lang='lat' dir='ltr'><strong>Sed</strong></span> <span class='ocrx_word' id='word_1_616' title='bbox 1602 1677 1630 1703; x_wconf 91' lang='lat' dir='ltr'><strong>in</strong></span> <span class='ocrx_word' id='word_1_617' title='bbox 1642 1677 1739 1711; x_wconf 86' lang='lat' dir='ltr'><strong>primis</strong></span> 
     </span>
    </p>
   </div>
   <div class='ocr_carea' id='block_1_96' title="bbox 955 1719 1739 1757">
    <p class='ocr_par' dir='ltr' id='par_1_96' title="bbox 955 1719 1739 1757">
     <span class='ocr_line' id='line_1_96' title="bbox 955 1719 1739 1757; baseline 0.005 -11"><span class='ocrx_word' id='word_1_618' title='bbox 955 1719 1043 1746; x_wconf 87' lang='lat' dir='ltr'><strong>nubes</strong></span> <span class='ocrx_word' id='word_1_619' title='bbox 1068 1719 1114 1746; x_wconf 89' lang='lat' dir='ltr'><strong>illa</strong></span> <span class='ocrx_word' id='word_1_620' title='bbox 1129 1720 1193 1754; x_wconf 70' lang='lat' dir='ltr'><strong>quze&#39;</strong></span> <span class='ocrx_word' id='word_1_621' title='bbox 1212 1720 1247 1746; x_wconf 92' lang='lat' dir='ltr'><strong>ab</strong></span> <span class='ocrx_word' id='word_1_622' title='bbox 1262 1719 1410 1747; x_wconf 87' lang='lat' dir='ltr'><strong>occidentis</strong></span> <span class='ocrx_word' id='word_1_623' title='bbox 1435 1721 1557 1756; x_wconf 85' lang='lat' dir='ltr'><strong>partibus</strong></span> <span class='ocrx_word' id='word_1_624' title='bbox 1579 1722 1739 1757; x_wconf 87' lang='lat' dir='ltr'><strong>subreptum</strong></span> 
     </span>
    </p>
   </div>
   <div class='ocr_carea' id='block_1_97' title="bbox 956 1764 1737 1802">
    <p class='ocr_par' dir='ltr' id='par_1_97' title="bbox 956 1764 1737 1802">
     <span class='ocr_line' id='line_1_97' title="bbox 956 1764 1737 1802; baseline 0.004 -10"><span class='ocrx_word' id='word_1_625' title='bbox 956 1764 1099 1792; x_wconf 89' lang='lat' dir='ltr'><strong>sublimem</strong></span> <span class='ocrx_word' id='word_1_626' title='bbox 1114 1765 1196 1800; x_wconf 74' lang='lat'><strong>382</strong></span> <span class='ocrx_word' id='word_1_627' title='bbox 1212 1766 1301 1800; x_wconf 88' lang='lat' dir='ltr'><strong>ipsum</strong></span> <span class='ocrx_word' id='word_1_628' title='bbox 1317 1766 1442 1798; x_wconf 86' lang='lat' dir='ltr'><strong>abstulit,</strong></span> <span class='ocrx_word' id='word_1_629' title='bbox 1456 1774 1558 1802; x_wconf 90' lang='lat' dir='ltr'><strong>perque</strong></span> <span class='ocrx_word' id='word_1_630' title='bbox 1576 1774 1665 1795; x_wconf 88' lang='lat' dir='ltr'><strong>aerem</strong></span> <span class='ocrx_word' id='word_1_631' title='bbox 1679 1775 1737 1795; x_wconf 81' lang='lat' dir='ltr'><strong>am-</strong></span> 
     </span>
    </p>
   </div>
   <div class='ocr_carea' id='block_1_98' title="bbox 954 1809 1735 1843">
    <p class='ocr_par' dir='ltr' id='par_1_98' title="bbox 954 1809 1735 1843">
     <span class='ocr_line' id='line_1_98' title="bbox 954 1809 1735 1843; baseline 0.004 -7"><span class='ocrx_word' id='word_1_632' title='bbox 954 1809 1093 1837; x_wconf 84' lang='lat' dir='ltr'><strong>bulantem</strong></span> <span class='ocrx_word' id='word_1_633' title='bbox 1105 1814 1131 1837; x_wconf 88' lang='lat' dir='ltr'><strong>et</strong></span> <span class='ocrx_word' id='word_1_634' title='bbox 1144 1811 1246 1838; x_wconf 86' lang='lat' dir='ltr'><strong>elatum</strong></span> <span class='ocrx_word' id='word_1_635' title='bbox 1260 1811 1385 1843; x_wconf 75' lang='lat' dir='ltr'><strong>abduxit,</strong></span> <span class='ocrx_word' id='word_1_636' title='bbox 1397 1811 1435 1838; x_wconf 93' lang='lat' dir='ltr'><strong>uti</strong></span> <span class='ocrx_word' id='word_1_637' title='bbox 1452 1812 1533 1838; x_wconf 85' lang='lat' dir='ltr'><strong>etiam</strong></span> <span class='ocrx_word' id='word_1_638' title='bbox 1548 1819 1671 1839; x_wconf 89' lang='lat' dir='ltr'><strong>summos</strong></span> <span class='ocrx_word' id='word_1_639' title='bbox 1687 1811 1735 1840; x_wconf 88' lang='lat' dir='ltr'><strong>Dei</strong></span> 
     </span>
    </p>
   </div>
   <div class='ocr_carea' id='block_1_99' title="bbox 955 1855 1739 1892">
    <p class='ocr_par' dir='ltr' id='par_1_99' title="bbox 955 1855 1739 1892">
     <span class='ocr_line' id='line_1_99' title="bbox 955 1855 1739 1892; baseline 0.004 -10"><span class='ocrx_word' id='word_1_640' title='bbox 955 1855 1125 1891; x_wconf 86' lang='lat' dir='ltr'><strong>inspectores</strong></span> <span class='ocrx_word' id='word_1_641' title='bbox 1147 1860 1174 1884; x_wconf 88' lang='lat' dir='ltr'><strong>et</strong></span> <span class='ocrx_word' id='word_1_642' title='bbox 1195 1857 1335 1892; x_wconf 78' lang='lat' dir='ltr'><strong>theologos</strong></span> <span class='ocrx_word' id='word_1_643' title='bbox 1356 1857 1512 1891; x_wconf 86' lang='lat' dir='ltr'><strong>apostolos,</strong></span> <span class='ocrx_word' id='word_1_644' title='bbox 1529 1858 1612 1884; x_wconf 86' lang='lat' dir='ltr'><strong>alium</strong></span> <span class='ocrx_word' id='word_1_645' title='bbox 1628 1857 1739 1885; x_wconf 88' lang='lat' dir='ltr'><strong>aliunde</strong></span> 
     </span>
    </p>
   </div>
   <div class='ocr_carea' id='block_1_100' title="bbox 954 1901 1738 1937">
    <p class='ocr_par' dir='ltr' id='par_1_100' title="bbox 954 1901 1738 1937">
     <span class='ocr_line' id='line_1_100' title="bbox 954 1901 1738 1937; baseline 0.001 -8"><span class='ocrx_word' id='word_1_646' title='bbox 954 1904 1066 1937; x_wconf 85' lang='lat' dir='ltr'><strong>repente</strong></span> <span class='ocrx_word' id='word_1_647' title='bbox 1078 1910 1094 1929; x_wconf 75' lang='grc' dir='ltr'>ο</span> <span class='ocrx_word' id='word_1_648' title='bbox 1107 1901 1206 1930; x_wconf 79' lang='lat' dir='ltr'><strong>finibus</strong></span> <span class='ocrx_word' id='word_1_649' title='bbox 1219 1906 1298 1929; x_wconf 73' lang='lat' dir='ltr'><strong>terra:</strong></span> <span class='ocrx_word' id='word_1_650' title='bbox 1313 1902 1340 1929; x_wconf 90' lang='lat' dir='ltr'><strong>in</strong></span> <span class='ocrx_word' id='word_1_651' title='bbox 1355 1902 1559 1930; x_wconf 80' lang='lat' dir='ltr'><strong>celeberrimam</strong></span> <span class='ocrx_word' id='word_1_652' title='bbox 1575 1906 1602 1930; x_wconf 87' lang='lat' dir='ltr'><strong>et</strong></span> <span class='ocrx_word' id='word_1_653' title='bbox 1612 1910 1738 1930; x_wconf 78' lang='lat' dir='ltr'><strong>comatu-</strong></span> 
     </span>
    </p>
   </div>
   <div class='ocr_carea' id='block_1_101' title="bbox 954 1947 1736 1977">
    <p class='ocr_par' dir='ltr' id='par_1_101' title="bbox 954 1947 1736 1977">
     <span class='ocr_line' id='line_1_101' title="bbox 954 1947 1736 1977; baseline 0 -1"><span class='ocrx_word' id='word_1_654' title='bbox 954 1955 1016 1976; x_wconf 87' lang='lat' dir='ltr'><strong>nem</strong></span> <span class='ocrx_word' id='word_1_655' title='bbox 1033 1948 1155 1975; x_wconf 91' lang='lat' dir='ltr'><strong>omnium</strong></span> <span class='ocrx_word' id='word_1_656' title='bbox 1175 1947 1392 1976; x_wconf 81' lang='lat' dir='ltr'><strong>Christianorum</strong></span> <span class='ocrx_word' id='word_1_657' title='bbox 1422 1953 1536 1976; x_wconf 89' lang='lat' dir='ltr'><strong>matrem</strong></span> <span class='ocrx_word' id='word_1_658' title='bbox 1565 1948 1736 1977; x_wconf 84' lang='lat' dir='ltr'><strong>Hierusalem</strong></span> 
     </span>
    </p>
   </div>
   <div class='ocr_carea' id='block_1_102' title="bbox 954 1993 1735 2030">
    <p class='ocr_par' dir='ltr' id='par_1_102' title="bbox 954 1993 1735 2030">
     <span class='ocr_line' id='line_1_102' title="bbox 954 1993 1735 2030; baseline 0.003 -10"><span class='ocrx_word' id='word_1_659' title='bbox 954 1993 1122 2029; x_wconf 88' lang='lat' dir='ltr'><strong>asportavit,</strong></span> <span class='ocrx_word' id='word_1_660' title='bbox 1149 1998 1175 2021; x_wconf 91' lang='lat' dir='ltr'><strong>et</strong></span> <span class='ocrx_word' id='word_1_661' title='bbox 1191 1994 1220 2021; x_wconf 92' lang='lat' dir='ltr'><strong>in</strong></span> <span class='ocrx_word' id='word_1_662' title='bbox 1241 1994 1348 2021; x_wconf 80' lang='lat' dir='ltr'><strong>excelsa</strong></span> <span class='ocrx_word' id='word_1_663' title='bbox 1363 1994 1518 2021; x_wconf 90' lang='lat' dir='ltr'><strong>divinorum</strong></span> <span class='ocrx_word' id='word_1_664' title='bbox 1543 1995 1735 2030; x_wconf 85' lang='lat' dir='ltr'><strong>mysteriorum</strong></span> 
     </span>
    </p>
   </div>
   <div class='ocr_carea' id='block_1_103' title="bbox 954 2038 1734 2070">
    <p class='ocr_par' dir='ltr' id='par_1_103' title="bbox 954 2038 1734 2070">
     <span class='ocr_line' id='line_1_103' title="bbox 954 2038 1734 2070; baseline 0.003 -4"><span class='ocrx_word' id='word_1_665' title='bbox 954 2046 1017 2067; x_wconf 83' lang='lat' dir='ltr'><strong>arce</strong></span> <span class='ocrx_word' id='word_1_666' title='bbox 1037 2038 1102 2066; x_wconf 93' lang='lat' dir='ltr'><strong>Sion</strong></span> <span class='ocrx_word' id='word_1_667' title='bbox 1117 2039 1300 2067; x_wconf 85' lang='lat' dir='ltr'><strong>Ecclesiarum</strong></span> <span class='ocrx_word' id='word_1_668' title='bbox 1317 2043 1404 2066; x_wconf 80' lang='lat' dir='ltr'><strong>matre</strong></span> <span class='ocrx_word' id='word_1_669' title='bbox 1418 2040 1525 2070; x_wconf 63' lang='lat' dir='ltr'><strong>caneris</strong></span> <span class='ocrx_word' id='word_1_670' title='bbox 1539 2040 1641 2067; x_wconf 81' lang='lat' dir='ltr'><strong>Christi</strong></span> <span class='ocrx_word' id='word_1_671' title='bbox 1653 2041 1734 2068; x_wconf 89' lang='lat' dir='ltr'><strong>disci-</strong></span> 
     </span>
    </p>
   </div>
   <div class='ocr_carea' id='block_1_104' title="bbox 953 2084 1737 2121">
    <p class='ocr_par' dir='ltr' id='par_1_104' title="bbox 953 2084 1737 2121">
     <span class='ocr_line' id='line_1_104' title="bbox 953 2084 1737 2121; baseline 0.001 -8"><span class='ocrx_word' id='word_1_672' title='bbox 953 2085 1026 2120; x_wconf 89' lang='lat' dir='ltr'><strong>pulis</strong></span> <span class='ocrx_word' id='word_1_673' title='bbox 1047 2086 1198 2121; x_wconf 85' lang='lat' dir='ltr'><strong>copulavit,</strong></span> <span class='ocrx_word' id='word_1_674' title='bbox 1223 2093 1285 2113; x_wconf 91' lang='lat' dir='ltr'><strong>cum</strong></span> <span class='ocrx_word' id='word_1_675' title='bbox 1314 2085 1360 2112; x_wconf 87' lang='lat' dir='ltr'><strong>Dei</strong></span> <span class='ocrx_word' id='word_1_676' title='bbox 1388 2084 1482 2112; x_wconf 86' lang='lat' dir='ltr'><strong>Matris</strong></span> <span class='ocrx_word' id='word_1_677' title='bbox 1505 2085 1737 2114; x_wconf 70' lang='lat' dir='ltr'><strong>innocentissimae</strong></span> 
     </span>
    </p>
   </div>
   <div class='ocr_carea' id='block_1_105' title="bbox 954 2130 1735 2167">
    <p class='ocr_par' dir='ltr' id='par_1_105' title="bbox 954 2130 1735 2167">
     <span class='ocr_line' id='line_1_105' title="bbox 954 2130 1735 2167; baseline 0.001 -8"><span class='ocrx_word' id='word_1_678' title='bbox 954 2132 1062 2167; x_wconf 90' lang='lat' dir='ltr'><strong>corpori</strong></span> <span class='ocrx_word' id='word_1_679' title='bbox 1075 2132 1148 2166; x_wconf 88' lang='lat' dir='ltr'><strong>justa</strong></span> <span class='ocrx_word' id='word_1_680' title='bbox 1163 2132 1400 2167; x_wconf 83' lang='lat' dir='ltr'><strong>persolverentur,</strong></span> <span class='ocrx_word' id='word_1_681' title='bbox 1416 2130 1487 2165; x_wconf 90' lang='lat' dir='ltr'><strong>quod</strong></span> <span class='ocrx_word' id='word_1_682' title='bbox 1509 2131 1544 2158; x_wconf 90' lang='lat' dir='ltr'><strong>ob</strong></span> <span class='ocrx_word' id='word_1_683' title='bbox 1556 2131 1658 2159; x_wconf 91' lang='lat' dir='ltr'><strong>editum</strong></span> <span class='ocrx_word' id='word_1_684' title='bbox 1674 2132 1735 2160; x_wconf 84' lang='lat' dir='ltr'><strong>Filii</strong></span> 
     </span>
    </p>
   </div>
   <div class='ocr_carea' id='block_1_106' title="bbox 954 2177 1738 2212">
    <p class='ocr_par' dir='ltr' id='par_1_106' title="bbox 954 2177 1738 2212">
     <span class='ocr_line' id='line_1_106' title="bbox 954 2177 1738 2212; baseline 0.001 -8"><span class='ocrx_word' id='word_1_685' title='bbox 954 2177 1001 2205; x_wconf 85' lang='lat' dir='ltr'><strong>Dei</strong></span> <span class='ocrx_word' id='word_1_686' title='bbox 1015 2181 1123 2212; x_wconf 89' lang='lat' dir='ltr'><strong>partum</strong></span> <span class='ocrx_word' id='word_1_687' title='bbox 1133 2198 1141 2210; x_wconf 93' lang='lat'><strong>,</strong></span> <span class='ocrx_word' id='word_1_688' title='bbox 1159 2177 1206 2212; x_wconf 91' lang='lat' dir='ltr'><strong>qui</strong></span> <span class='ocrx_word' id='word_1_689' title='bbox 1221 2185 1255 2204; x_wconf 79' lang='lat' dir='ltr'><strong>ex</strong></span> <span class='ocrx_word' id='word_1_690' title='bbox 1269 2177 1328 2211; x_wconf 88' lang='lat' dir='ltr'><strong>ipsa</strong></span> <span class='ocrx_word' id='word_1_691' title='bbox 1342 2180 1423 2203; x_wconf 88' lang='lat' dir='ltr'><strong>natus</strong></span> <span class='ocrx_word' id='word_1_692' title='bbox 1439 2179 1483 2203; x_wconf 81' lang='lat' dir='ltr'><strong>est</strong></span> <span class='ocrx_word' id='word_1_693' title='bbox 1494 2180 1522 2204; x_wconf 86' lang='lat' dir='ltr'><strong>et</strong></span> <span class='ocrx_word' id='word_1_694' title='bbox 1537 2181 1627 2203; x_wconf 91' lang='lat' dir='ltr'><strong>ortum</strong></span> <span class='ocrx_word' id='word_1_695' title='bbox 1643 2177 1738 2208; x_wconf 83' lang='lat' dir='ltr'><strong>carnis</strong></span> 
     </span>
    </p>
   </div>
   <div class='ocr_carea' id='block_1_107' title="bbox 955 2221 1734 2257">
    <p class='ocr_par' dir='ltr' id='par_1_107' title="bbox 955 2221 1734 2257">
     <span class='ocr_line' id='line_1_107' title="bbox 955 2221 1734 2257; baseline -0.001 -7"><span class='ocrx_word' id='word_1_696' title='bbox 955 2222 1128 2250; x_wconf 71' lang='lat' dir='ltr'><strong>ineﬂ‘abiliter</strong></span> <span class='ocrx_word' id='word_1_697' title='bbox 1141 2223 1260 2257; x_wconf 84' lang='lat' dir='ltr'><strong>accepit,</strong></span> <span class='ocrx_word' id='word_1_698' title='bbox 1283 2230 1344 2249; x_wconf 90' lang='lat' dir='ltr'><strong>cum</strong></span> <span class='ocrx_word' id='word_1_699' title='bbox 1369 2229 1455 2256; x_wconf 86' lang='lat' dir='ltr'><strong>eaque</strong></span> <span class='ocrx_word' id='word_1_700' title='bbox 1473 2221 1643 2249; x_wconf 79' lang='lat' dir='ltr'><strong>familiariter</strong></span> <span class='ocrx_word' id='word_1_701' title='bbox 1656 2223 1734 2254; x_wconf 83' lang='lat' dir='ltr'><strong>vixit,</strong></span> 
     </span>
    </p>
   </div>
   <div class='ocr_carea' id='block_1_108' title="bbox 954 2267 1736 2303">
    <p class='ocr_par' dir='ltr' id='par_1_108' title="bbox 954 2267 1736 2303">
     <span class='ocr_line' id='line_1_108' title="bbox 954 2267 1736 2303; baseline -0.001 -7"><span class='ocrx_word' id='word_1_702' title='bbox 954 2268 1042 2303; x_wconf 87' lang='lat' dir='ltr'><strong>magis</strong></span> <span class='ocrx_word' id='word_1_703' title='bbox 1063 2269 1213 2296; x_wconf 89' lang='lat' dir='ltr'><strong>honoribus</strong></span> <span class='ocrx_word' id='word_1_704' title='bbox 1228 2271 1338 2294; x_wconf 85' lang='lat' dir='ltr'><strong>auctum</strong></span> <span class='ocrx_word' id='word_1_705' title='bbox 1360 2273 1376 2293; x_wconf 75' lang='grc' dir='ltr'><strong>ιι</strong></span> <span class='ocrx_word' id='word_1_706' title='bbox 1393 2267 1553 2295; x_wconf 68' lang='grc' dir='ltr'>οωιεειὶὺιιε</span> <span class='ocrx_word' id='word_1_707' title='bbox 1575 2267 1736 2302; x_wconf 76' lang='lat' dir='ltr'><strong>angelorum</strong></span> 
     </span>
    </p>
   </div>
   <div class='ocr_carea' id='block_1_109' title="bbox 953 2312 1738 2350">
    <p class='ocr_par' dir='ltr' id='par_1_109' title="bbox 953 2312 1738 2350">
     <span class='ocr_line' id='line_1_109' title="bbox 953 2312 1738 2350; baseline -0.003 -7"><span class='ocrx_word' id='word_1_708' title='bbox 953 2315 1096 2343; x_wconf 90' lang='lat' dir='ltr'><strong>ordinibus</strong></span> <span class='ocrx_word' id='word_1_709' title='bbox 1107 2315 1221 2350; x_wconf 90' lang='lat' dir='ltr'><strong>plurima</strong></span> <span class='ocrx_word' id='word_1_710' title='bbox 1233 2321 1295 2341; x_wconf 94' lang='lat' dir='ltr'><strong>cum</strong></span> <span class='ocrx_word' id='word_1_711' title='bbox 1309 2320 1407 2348; x_wconf 86' lang='lat' dir='ltr'><strong>pompa</strong></span> <span class='ocrx_word' id='word_1_712' title='bbox 1419 2313 1521 2340; x_wconf 86' lang='lat' dir='ltr'><strong>elatum</strong></span> <span class='ocrx_word' id='word_1_713' title='bbox 1533 2317 1585 2340; x_wconf 87' lang='lat' dir='ltr'><strong>est.</strong></span> <span class='ocrx_word' id='word_1_714' title='bbox 1599 2312 1632 2340; x_wconf 87' lang='lat' dir='ltr'><strong>Et</strong></span> <span class='ocrx_word' id='word_1_715' title='bbox 1648 2313 1738 2348; x_wconf 67' lang='lat' dir='ltr'><strong>ipsius</strong></span> 
     </span>
    </p>
   </div>
   <div class='ocr_carea' id='block_1_110' title="bbox 953 2359 1733 2389">
    <p class='ocr_par' dir='ltr' id='par_1_110' title="bbox 953 2359 1733 2389">
     <span class='ocr_line' id='line_1_110' title="bbox 953 2359 1733 2389; baseline -0.004 0"><span class='ocrx_word' id='word_1_716' title='bbox 953 2361 1095 2389; x_wconf 83' lang='lat' dir='ltr'><strong>delubrum</strong></span> <span class='ocrx_word' id='word_1_717' title='bbox 1119 2360 1274 2387; x_wconf 84' lang='lat' dir='ltr'><strong>mirandum</strong></span> <span class='ocrx_word' id='word_1_718' title='bbox 1299 2359 1328 2386; x_wconf 89' lang='lat' dir='ltr'><strong>in</strong></span> <span class='ocrx_word' id='word_1_719' title='bbox 1348 2359 1459 2386; x_wconf 92' lang='lat' dir='ltr'><strong>modum</strong></span> <span class='ocrx_word' id='word_1_720' title='bbox 1476 2363 1644 2386; x_wconf 85' lang='lat' dir='ltr'><strong>exstructum</strong></span> <span class='ocrx_word' id='word_1_721' title='bbox 1669 2367 1733 2386; x_wconf 85' lang='lat' dir='ltr'><strong>san-</strong></span> 
     </span>
    </p>
   </div>
   <div class='ocr_carea' id='block_1_111' title="bbox 953 2405 1737 2441">
    <p class='ocr_par' dir='ltr' id='par_1_111' title="bbox 953 2405 1737 2441">
     <span class='ocr_line' id='line_1_111' title="bbox 953 2405 1737 2441; baseline -0.003 -6"><span class='ocrx_word' id='word_1_722' title='bbox 953 2407 1085 2435; x_wconf 82' lang='lat' dir='ltr'><strong>ctissimis</strong></span> <span class='ocrx_word' id='word_1_723' title='bbox 1101 2407 1254 2441; x_wconf 82' lang='lat' dir='ltr'><strong>divinisque</strong></span> <span class='ocrx_word' id='word_1_724' title='bbox 1274 2405 1460 2440; x_wconf 85' lang='lat' dir='ltr'><strong>apostolorum</strong></span> <span class='ocrx_word' id='word_1_725' title='bbox 1485 2405 1622 2440; x_wconf 87' lang='lat' dir='ltr'><strong>capitibus</strong></span> <span class='ocrx_word' id='word_1_726' title='bbox 1635 2409 1662 2433; x_wconf 87' lang='lat' dir='ltr'><strong>et</strong></span> <span class='ocrx_word' id='word_1_727' title='bbox 1679 2413 1737 2433; x_wconf 86' lang='lat' dir='ltr'><strong>ma-</strong></span> 
     </span>
    </p>
   </div>
   <div class='ocr_carea' id='block_1_112' title="bbox 954 2450 1736 2487">
    <p class='ocr_par' dir='ltr' id='par_1_112' title="bbox 954 2450 1736 2487">
     <span class='ocr_line' id='line_1_112' title="bbox 954 2450 1736 2487; baseline -0.003 -6"><span class='ocrx_word' id='word_1_728' title='bbox 954 2453 1035 2481; x_wconf 90' lang='lat' dir='ltr'><strong>nibus</strong></span> <span class='ocrx_word' id='word_1_729' title='bbox 1047 2460 1081 2480; x_wconf 75' lang='lat' dir='ltr'><strong>ex</strong></span> <span class='ocrx_word' id='word_1_730' title='bbox 1095 2452 1161 2479; x_wconf 87' lang='lat' dir='ltr'><strong>Sion</strong></span> <span class='ocrx_word' id='word_1_731' title='bbox 1171 2450 1381 2481; x_wconf 83' lang='lat' dir='ltr'><strong>inGethsemani</strong></span> <span class='ocrx_word' id='word_1_732' title='bbox 1391 2450 1565 2483; x_wconf 79' lang='lat' dir='ltr'><strong>translatum,</strong></span> <span class='ocrx_word' id='word_1_733' title='bbox 1580 2451 1681 2487; x_wconf 76' lang='lat' dir='ltr'><strong>linguis</strong></span> <span class='ocrx_word' id='word_1_734' title='bbox 1691 2452 1736 2479; x_wconf 62' lang='lat' dir='ltr'><strong>di»</strong></span> 
     </span>
    </p>
   </div>
   <div class='ocr_carea' id='block_1_113' title="bbox 953 2495 1733 2533">
    <p class='ocr_par' dir='ltr' id='par_1_113' title="bbox 953 2495 1733 2533">
     <span class='ocr_line' id='line_1_113' title="bbox 953 2495 1733 2533; baseline -0.003 -7"><span class='ocrx_word' id='word_1_735' title='bbox 953 2499 1017 2526; x_wconf 90' lang='lat' dir='ltr'><strong>vino</strong></span> <span class='ocrx_word' id='word_1_736' title='bbox 1035 2498 1137 2533; x_wconf 91' lang='lat' dir='ltr'><strong>Spiritu</strong></span> <span class='ocrx_word' id='word_1_737' title='bbox 1153 2497 1277 2532; x_wconf 82' lang='lat' dir='ltr'><strong>percitis,</strong></span> <span class='ocrx_word' id='word_1_738' title='bbox 1293 2495 1380 2532; x_wconf 86' lang='lat' dir='ltr'><strong>igneis</strong></span> <span class='ocrx_word' id='word_1_739' title='bbox 1394 2503 1426 2523; x_wconf 87' lang='lat' dir='ltr'><strong>ac</strong></span> <span class='ocrx_word' id='word_1_740' title='bbox 1444 2496 1624 2526; x_wconf 88' lang='lat' dir='ltr'><strong>divinissimis</strong></span> <span class='ocrx_word' id='word_1_741' title='bbox 1638 2497 1733 2525; x_wconf 32' lang='lat' dir='ltr'><strong>lauda-v</strong></span> 
     </span>
    </p>
   </div>
   <div class='ocr_carea' id='block_1_114' title="bbox 953 2540 1734 2579">
    <p class='ocr_par' dir='ltr' id='par_1_114' title="bbox 953 2540 1734 2579">
     <span class='ocr_line' id='line_1_114' title="bbox 953 2540 1734 2579; baseline 0 -8"><span class='ocrx_word' id='word_1_742' title='bbox 953 2547 1010 2571; x_wconf 89' lang='lat' dir='ltr'><strong>tum</strong></span> <span class='ocrx_word' id='word_1_743' title='bbox 1025 2547 1052 2572; x_wconf 89' lang='lat' dir='ltr'><strong>et</strong></span> <span class='ocrx_word' id='word_1_744' title='bbox 1066 2543 1151 2579; x_wconf 85' lang='lat' dir='ltr'><strong>gloria</strong></span> <span class='ocrx_word' id='word_1_745' title='bbox 1168 2543 1336 2571; x_wconf 87' lang='lat' dir='ltr'><strong>cumulatum</strong></span> <span class='ocrx_word' id='word_1_746' title='bbox 1347 2545 1407 2568; x_wconf 76' lang='lat' dir='ltr'><strong>est.</strong></span> <span class='ocrx_word' id='word_1_747' title='bbox 1425 2540 1496 2569; x_wconf 86' lang='lat' dir='ltr'><strong>llinc</strong></span> <span class='ocrx_word' id='word_1_748' title='bbox 1511 2541 1595 2578; x_wconf 81' lang='lat' dir='ltr'><strong>Virgo</strong></span> <span class='ocrx_word' id='word_1_749' title='bbox 1614 2543 1734 2578; x_wconf 87' lang='lat' dir='ltr'><strong>integer-</strong></span> 
     </span>
    </p>
   </div>
   <div class='ocr_carea' id='block_1_115' title="bbox 951 2587 1732 2623">
    <p class='ocr_par' dir='ltr' id='par_1_115' title="bbox 951 2587 1732 2623">
     <span class='ocr_line' id='line_1_115' title="bbox 951 2587 1732 2623; baseline 0.001 -7"><span class='ocrx_word' id='word_1_750' title='bbox 951 2589 1031 2622; x_wconf 84' lang='lat' dir='ltr'><strong>rima,</strong></span> <span class='ocrx_word' id='word_1_751' title='bbox 1053 2596 1114 2623; x_wconf 66' lang='lat' dir='ltr'><strong>quae</strong></span> <span class='ocrx_word' id='word_1_752' title='bbox 1128 2588 1255 2616; x_wconf 80' lang='lat' dir='ltr'><strong>omnibus</strong></span> <span class='ocrx_word' id='word_1_753' title='bbox 1272 2587 1433 2616; x_wconf 64' lang='lat' dir='ltr'><strong>caelestibus</strong></span> <span class='ocrx_word' id='word_1_754' title='bbox 1450 2590 1632 2622; x_wconf 85' lang='lat' dir='ltr'><strong>potestatibus</strong></span> <span class='ocrx_word' id='word_1_755' title='bbox 1646 2590 1732 2617; x_wconf 74' lang='lat' dir='ltr'><strong>subli-</strong></span> 
     </span>
    </p>
   </div>
   <div class='ocr_carea' id='block_1_116' title="bbox 952 2632 1733 2670">
    <p class='ocr_par' dir='ltr' id='par_1_116' title="bbox 952 2632 1733 2670">
     <span class='ocr_line' id='line_1_116' title="bbox 952 2632 1733 2670; baseline 0.001 -9"><span class='ocrx_word' id='word_1_756' title='bbox 952 2635 1024 2662; x_wconf 90' lang='lat' dir='ltr'><strong>mior</strong></span> <span class='ocrx_word' id='word_1_757' title='bbox 1044 2637 1102 2666; x_wconf 88' lang='lat' dir='ltr'><strong>est,</strong></span> <span class='ocrx_word' id='word_1_758' title='bbox 1127 2638 1154 2661; x_wconf 92' lang='lat' dir='ltr'><strong>et</strong></span> <span class='ocrx_word' id='word_1_759' title='bbox 1165 2634 1240 2660; x_wconf 89' lang='lat' dir='ltr'><strong>omni</strong></span> <span class='ocrx_word' id='word_1_760' title='bbox 1253 2633 1386 2661; x_wconf 88' lang='lat' dir='ltr'><strong>creationi</strong></span> <span class='ocrx_word' id='word_1_761' title='bbox 1405 2632 1573 2667; x_wconf 83' lang='lat' dir='ltr'><strong>dominatur,</strong></span> <span class='ocrx_word' id='word_1_762' title='bbox 1587 2638 1649 2670; x_wconf 89' lang='lat' dir='ltr'><strong>post</strong></span> <span class='ocrx_word' id='word_1_763' title='bbox 1663 2635 1733 2663; x_wconf 82' lang='lat' dir='ltr'><strong>cele-</strong></span> 
     </span>
    </p>
   </div>
   <div class='ocr_carea' id='block_1_117' title="bbox 952 2679 1731 2715">
    <p class='ocr_par' dir='ltr' id='par_1_117' title="bbox 952 2679 1731 2715">
     <span class='ocr_line' id='line_1_117' title="bbox 952 2679 1731 2715; baseline -0.001 -7"><span class='ocrx_word' id='word_1_764' title='bbox 952 2680 1056 2708; x_wconf 84' lang='lat' dir='ltr'><strong>bratam</strong></span> <span class='ocrx_word' id='word_1_765' title='bbox 1078 2680 1138 2715; x_wconf 80' lang='lat' dir='ltr'><strong>ejus</strong></span> <span class='ocrx_word' id='word_1_766' title='bbox 1164 2680 1323 2707; x_wconf 87' lang='lat' dir='ltr'><strong>memoriam</strong></span> <span class='ocrx_word' id='word_1_767' title='bbox 1348 2681 1382 2708; x_wconf 89' lang='lat' dir='ltr'><strong>ad</strong></span> <span class='ocrx_word' id='word_1_768' title='bbox 1401 2680 1588 2709; x_wconf 86' lang='lat' dir='ltr'><strong>sublimiorem</strong></span> <span class='ocrx_word' id='word_1_769' title='bbox 1606 2679 1668 2707; x_wconf 72' lang='lat' dir='ltr'><strong>caali</strong></span> <span class='ocrx_word' id='word_1_770' title='bbox 1686 2687 1731 2715; x_wconf 45' lang='lat' dir='ltr'><strong>re:</strong></span> 
     </span>
    </p>
   </div>
   <div class='ocr_carea' id='block_1_118' title="bbox 952 2726 1256 2762">
    <p class='ocr_par' dir='ltr' id='par_1_118' title="bbox 952 2726 1256 2762">
     <span class='ocr_line' id='line_1_118' title="bbox 952 2726 1256 2762; baseline 0.003 -9"><span class='ocrx_word' id='word_1_771' title='bbox 952 2726 1041 2762; x_wconf 86' lang='lat' dir='ltr'><strong>quiem</strong></span> <span class='ocrx_word' id='word_1_772' title='bbox 1054 2729 1097 2754; x_wconf 85' lang='lat' dir='ltr'><strong>est</strong></span> <span class='ocrx_word' id='word_1_773' title='bbox 1106 2729 1256 2762; x_wconf 87' lang='lat' dir='ltr'><strong>assumpta.</strong></span> 
     </span>
    </p>
   </div>
   <div class='ocr_carea' id='block_1_119' title="bbox 985 2781 1729 2818">
    <p class='ocr_par' dir='ltr' id='par_1_119' title="bbox 985 2781 1729 2818">
     <span class='ocr_line' id='line_1_119' title="bbox 985 2781 1729 2818; baseline -0.004 -8"><span class='ocrx_word' id='word_1_774' title='bbox 985 2783 1020 2810; x_wconf 86' lang='lat' dir='ltr'><strong>At</strong></span> <span class='ocrx_word' id='word_1_775' title='bbox 1034 2782 1119 2810; x_wconf 88' lang='lat' dir='ltr'><strong>divini</strong></span> <span class='ocrx_word' id='word_1_776' title='bbox 1133 2782 1220 2818; x_wconf 87' lang='lat' dir='ltr'><strong>ipsius</strong></span> <span class='ocrx_word' id='word_1_777' title='bbox 1241 2784 1376 2818; x_wconf 72' lang='lat' dir='ltr'><strong>praeconis</strong></span> <span class='ocrx_word' id='word_1_778' title='bbox 1396 2784 1486 2812; x_wconf 81' lang='lat' dir='ltr'><strong>verba‘</strong></span> <span class='ocrx_word' id='word_1_779' title='bbox 1501 2781 1634 2810; x_wconf 85' lang='lat' dir='ltr'><strong>audienda</strong></span> <span class='ocrx_word' id='word_1_780' title='bbox 1646 2784 1729 2815; x_wconf 82' lang='lat' dir='ltr'><strong>sunt;</strong></span> 
     </span>
    </p>
   </div>
   <div class='ocr_carea' id='block_1_120' title="bbox 951 2825 1732 2863">
    <p class='ocr_par' dir='ltr' id='par_1_120' title="bbox 951 2825 1732 2863">
     <span class='ocr_line' id='line_1_120' title="bbox 951 2825 1732 2863; baseline -0.004 -8"><span class='ocrx_word' id='word_1_781' title='bbox 951 2835 1038 2863; x_wconf 81' lang='lat' dir='ltr'><strong>neque</strong></span> <span class='ocrx_word' id='word_1_782' title='bbox 1052 2827 1123 2855; x_wconf 90' lang='lat' dir='ltr'><strong>enim</strong></span> <span class='ocrx_word' id='word_1_783' title='bbox 1139 2827 1173 2856; x_wconf 89' lang='lat' dir='ltr'><strong>de</strong></span> <span class='ocrx_word' id='word_1_784' title='bbox 1191 2829 1312 2863; x_wconf 82' lang='lat' dir='ltr'><strong>angelico</strong></span> <span class='ocrx_word' id='word_1_785' title='bbox 1326 2835 1358 2856; x_wconf 84' lang='lat' dir='ltr'><strong>ac</strong></span> <span class='ocrx_word' id='word_1_786' title='bbox 1374 2827 1565 2855; x_wconf 81' lang='lat' dir='ltr'><strong>decentissimo</strong></span> <span class='ocrx_word' id='word_1_787' title='bbox 1576 2826 1680 2853; x_wconf 71' lang='lat' dir='ltr'><strong>chorea:</strong></span> <span class='ocrx_word' id='word_1_788' title='bbox 1694 2825 1732 2852; x_wconf 76' lang='lat' dir='ltr'><strong>il-</strong></span> 
     </span>
    </p>
   </div>
   <div class='ocr_carea' id='block_1_121' title="bbox 951 2870 1730 2914">
    <p class='ocr_par' dir='ltr' id='par_1_121' title="bbox 951 2870 1730 2914">
     <span class='ocr_line' id='line_1_121' title="bbox 951 2870 1730 2914; baseline -0.003 -12"><span class='ocrx_word' id='word_1_789' title='bbox 951 2873 1004 2902; x_wconf 87' lang='lat' dir='ltr'><strong>lius</strong></span> <span class='ocrx_word' id='word_1_790' title='bbox 1027 2880 1185 2914; x_wconf 74' lang='lat' dir='ltr'><strong>peraerem</strong></span> <span class='ocrx_word' id='word_1_791' title='bbox 1206 2875 1338 2903; x_wconf 87' lang='lat' dir='ltr'><strong>evolantis</strong></span> <span class='ocrx_word' id='word_1_792' title='bbox 1354 2874 1470 2902; x_wconf 81' lang='lat' dir='ltr'><strong>adventu</strong></span> <span class='ocrx_word' id='word_1_793' title='bbox 1492 2871 1570 2900; x_wconf 74' lang='lat' dir='ltr'><strong>testis</strong></span> <span class='ocrx_word' id='word_1_794' title='bbox 1592 2871 1662 2898; x_wconf 84' lang='lat' dir='ltr'><strong>alius</strong></span> <span class='ocrx_word' id='word_1_795' title='bbox 1676 2870 1730 2900; x_wconf 70' lang='lat' dir='ltr'><strong>fido</strong></span> 
     </span>
    </p>
   </div>
  </div>
