1950 3065
209 153 262 183 655

793 151 822 180 S.
840 149 991 180 DlGNYSll
1007 149 1240 178 AREOPAGITE

1785 153 1835 181 656

209 213 318 249 dignior
333 212 452 239 inveniri
470 214 576 246 posset.
593 209 627 237 Et
640 217 707 237 sane
719 209 772 237 hoc
787 210 876 245 ipsum
888 217 992 245 quoque

1049 208 1246 245 νεφελοδρόμου
1264 208 1456 241 συνελεύσεως.
1484 209 1580 237 Καίτοι
1601 209 1648 237 καὶ
1670 209 1750 237 τοῦτο
1772 212 1836 247 ἡμῖν

210 265 340 295 perquam
362 260 492 284 accurate
508 263 523 282 a
537 255 617 283 nobis
633 255 807 282 observatum
822 258 876 286 est,
889 258 919 282 ut
937 262 997 290 quae

209 308 360 341 praeceptor
377 303 436 338 ipse
456 303 567 330 divinus
592 300 739 329 manifesta
762 301 997 329 demonstratione

209 351 334 383 tradidit,
350 358 401 378 nos
414 358 467 378 non
480 350 664 384 attingamus,.
681 356 716 376 ne
731 347 849 383 idipsum
865 351 997 375 tractare-

209 404 283 430 mus,
299 396 407 432 eloquia
426 404 487 432 quae
502 396 536 423 ab
548 395 607 430 ipso
621 394 761 430 proposita
780 398 855 425 sunt,
872 397 997 429 repeten-

208 451 260 473 tes.
280 444 421 480 Siquidem
435 441 506 477 apud
524 440 654 476 praesides
675 444 785 468 nostros
800 439 912 467 numine
924 439 997 466 ama-

207 495 263 524 tos,
282 494 309 518 et
323 497 374 518 nos
390 489 431 525 (ut.
452 489 510 524 ipse
534 486 618 522 nosti)
642 489 669 513 et
694 486 816 521 plerique
837 493 871 513 ex
893 486 996 513 sanctis

209 537 344 564 fratribus
358 534 462 563 nostris
486 533 520 561 ad
537 531 683 560 visendum
706 539 807 566 corpus
823 531 906 564 illud,
922 530 995 566 quod

207 584 271 614 vitae
296 582 375 609 nobis
401 580 567 616 principium
587 578 677 606 attulit
700 577 840 612 Deumque
864 577 994 612 suscepit,

208 629 397 658 convertimus.
411 626 533 654 Aderant
549 631 680 661 praeterea
698 623 828 656 Iacobus,
845 623 929 651 frater
943 623 996 649 Do—

207 674 296 706 mini,
322 676 349 700 et
371 672 470 700 Petrus
495 671 619 707 (summa
642 673 670 698 et
697 669 815 696 maxime
839 668 995 696 veneranda

207 721 398 756 theologorum
429 717 588 752 majestas).
628 716 730 744 Deinde
755 716 845 743 visum
873 719 932 748 est,
966 717 996 741 ut

203 775 304 795 omnes
321 766 394 794 sacri
408 765 540 800 prmsules
555 767 619 799 post
632 763 766 791 visionem
782 762 855 789 illam
867 783 874 794 ,
889 769 995 796 praepo—

207 817 309 841 tentem
321 812 421 840 divina:
437 810 634 838 imbecillitatis
650 808 844 843 benignitatem
863 815 911 842 pro
929 807 996 834 viri-

206 861 259 889 bus
276 859 392 895 quisque
407 857 465 885 suis
481 856 640 884 celebraret.
665 853 752 881 Porro
766 856 827 889 post
842 853 992 887 theologos,

1049 255 1246 290 ἐπιτετήρηται
1269 253 1329 282 λίαν
1351 255 1497 291 ὲμμελῶς,
1528 255 1598 282 ὥστε
1621 257 1677 288 τοῖς
1701 256 1775 292 αὐτῷ
1797 257 1836 293 τῷ

1049 299 1114 336 θείῳ
1127 300 1293 336 καθηγεμόνι
1315 301 1386 328 κατὰ
1406 301 1536 336 ἑκφανσιν
1556 302 1628 337 σαφῆ
1644 302 1836 339 διηυκρινημὲ-

1048 354 1103 378 νοις
1125 346 1185 382 μηδ’
1202 346 1270 378 ὃλως
1289 347 1513 384 ἐγκεχειρηκέναι
1529 347 1596 374 ποτὲ
1618 348 1688 384 πρὸς
1710 349 1838 376 ταυτολο-

1047 392 1129 426 γίαν,
1153 392 1193 425 εἰς
1216 392 1266 428 τὴν
1287 393 1371 428 αὐτὴν
1387 393 1434 420 τοῦ
1458 393 1637 430 προτεθέντος
1656 394 1730 429 αὐτῷ
1747 394 1836 429 λογίου

1046 438 1210 473 διασάφησιν
1224 446 1230 453 ⁵
1259 438 1320 465 ἐπεὶ
1338 439 1385 465 καὶ
1405 440 1471 475 παρ’
1489 440 1582 471 αὐτοῖς
1606 441 1663 471 τοῖς
1680 440 1836 476 θεολήπτοις

1046 483 1125 519 ἡμῶν
1141 484 1280 520 ἰεράρχαις
1298 483 1389 519 (ἡνίκα
1404 485 1451 511 καὶ
1467 486 1556 521 ἡμεῖς,
1567 485 1605 517 ὡς
1624 483 1702 512 οἶσθα
1729 487 1775 513 καὶ
1789 488 1836 514 αὺ-

1045 529 1109 562 τὺς,
1137 530 1183 557 καὶ
1201 530 1292 557 πολλοὶ
1308 531 1363 557 τῶν
1381 531 1462 567 ἱερῶν
1484 532 1563 566 ἡμῶν
1582 532 1703 566 ἀδελφῶν
1719 532 1765 558 ἐπὶ
1787 533 1836 569 τὴν

1046 575 1111 602 θέαν
1126 575 1173 602 τοῦ
1196 575 1348 612 ζωαρχικοῦ
1370 577 1416 604 καὶ
1433 577 1556 613 θεοδὸχου
1581 578 1706 613 ᾶώματος
1728 579 1837 615 συνελη·

1045 621 1182 658 λύθαμεν·
1196 623 1288 659 παρῆν
1312 623 1340 649 δὲ
1362 623 1438 650 καὶὸ
1455 621 1616 658 ἀδελφόθεος
1640 624 1768 657 Ἰάκωϐος
1790 626 1836 653 καὶ

1045 669 1160 704 Πέτρος,
1178 669 1194 704 ἡ
1212 669 1349 704 κορυφαία
1375 669 1420 696 καὶ
1440 670 1618 706 πρεσϐυτάτη
1633 671 1688 697 τῶν
1703 669 1836 706 θεολόγων

1045 714 1180 750 ἀκρότης·
1199 713 1257 741 εἶτα
1281 715 1367 742 ἐδόκει
1393 715 1461 751 μετὰ
1476 716 1525 751 τὴν
1549 716 1623 749 θέαν,
1639 717 1759 753 ὑμνῆσαι
1773 719 1836 751 τοὺς

1047 760 1176 797 ίεράρχας
1193 761 1324 793 ἅπαντας,
1341 761 1378 794 ὡς
1389 762 1503 794 ἕκαστος
1518 761 1552 798 ἦν
1570 762 1672 796 ἱκανὸς,
1689 763 1739 798 τὴν
1758 765 1838 791 ἀπει-

1047 807 1194 843 ροδύναμον
1209 807 1364 844 ἀγαθότητα
1375 809 1424 844 τῆς
1433 809 1580 845 θεαρχικῆς
1594 810 1758 846 ἀσθενείας),
1769 812 1837 838 πάν-

1045 862 1099 880 των
1123 854 1234 890 ἐκράτει
1260 854 1329 889 μετὰ
1344 856 1407 886 τοὺς
1422 852 1562 890 θεολόγους
1575 876 1582 888 ,
1600 856 1638 888 ὡς
1660 855 1756 889 οἶσθα,
1781 857 1838 886 τῶν

207 890 304 933 omnes
319 904 366 940 (ut
387 902 475 937 nosti)
497 908 592 929 sacros
610 900 738 928 doctores
762 899 902 934 superavit
920 902 992 925 totus

1045 899 1132 926 ἄλλων
1150 900 1331 936 ίερομυστῶν,
1348 901 1407 933 ὅλος
1423 901 1561 937 ἐκδημῶν,
1577 902 1638 935 ὅλος
1659 902 1837 939 ἐξιστάμενος

207 950 390 979 admiratione
411 949 509 984 plenus
525 951 552 975 et
572 954 628 982 pne
649 950 760 978 stupore
781 950 858 973 extra
873 953 902 974 se
924 945 995 981 posi-

206 1003 263 1029 tus,
278 1000 306 1024 et
320 1003 415 1024 eorum
430 1001 491 1029 qua:
503 993 640 1023 laudabat,
662 992 854 1020 communione
868 991 992 1019 aﬂ‘ectus.

205 1042 312 1071 Idcirco
336 1041 373 1069 ob
393 1047 426 1068 ea
447 1039 556 1071 omnia,
571 1045 632 1073 quae
647 1037 738 1064 audita
761 1041 839 1068 sunt,
862 1041 889 1064 et
906 1037 994 1064 oculis

206 1091 364 1125 perspecta,
382 1087 439 1114 sive
460 1085 596 1112 intellecta
608 1104 616 1116 ,
641 1091 688 1111 seu
705 1091 761 1111 non
778 1083 924 1114 intellecta,
941 1091 994 1110 nu-

205 1135 281 1162 mine
294 1133 400 1161 aﬂlatus
415 1139 486 1163 esse,
500 1136 528 1158 et
543 1131 655 1158 divinus
670 1129 797 1157 laudandi
810 1130 939 1164 magister
952 1134 994 1156 est

204 1182 355 1217 judicatus.
371 1179 442 1212 Quid
459 1179 483 1206 si
503 1186 535 1206 ea
552 1178 601 1204 tibi
617 1185 678 1212 qua:
701 1177 757 1204 illic
777 1176 869 1203 divina
889 1176 994 1202 ratione

205 1230 323 1254 tractata
347 1229 430 1257 sunt,
446 1223 578 1259 eloquar?
600 1223 707 1250 Etenim
731 1222 785 1250 nisi
808 1221 861 1249 mei
885 1222 993 1256 penitus

206 1274 258 1301 sim
276 1273 394 1303 oblitus,
418 1271 477 1298 scio
501 1278 545 1298 me
568 1274 661 1305 partes
685 1268 817 1304 quasdam
839 1268 992 1295 divinarum

204 1318 287 1354 383
307 1318 415 1345 illarum
429 1317 616 1344 laudationum
632 1315 682 1343 abs
701 1319 727 1342 te
747 1315 847 1350 saepius
861 1314 990 1342 audiisse.

205 1365 390 1399 Quamobrem
405 1363 508 1395 nullus,
520 1361 703 1393 dilectissimi,
717 1361 833 1388 orationi
850 1360 928 1388 fidem
941 1360 991 1387 ha-

203 1413 270 1441 ltere
283 1412 428 1443 detrectet,
444 1417 507 1437 cum
519 1416 566 1436 eos
580 1408 628 1444 qui
643 1409 717 1434 circa
730 1406 885 1435 Cornelium
904 1406 991 1437 fuere,

204 1459 297 1487 animo
321 1456 507 1493 reputaverit;
527 1462 591 1483 nam
610 1458 637 1482 et
663 1455 701 1481 illi
726 1461 782 1481 non
800 1453 879 1480 aliter
899 1460 931 1480 ac
945 1452 992 1487 qui

204 1512 267 1532 cum
280 1504 372 1537 Petro.
386 1502 493 1530 Joanne
506 1506 533 1531 et
547 1501 650 1530 Jacobo
670 1501 791 1533 fuerunt,
801 1501 889 1536 gratia
903 1499 992 1528 sancti

205 1551 325 1586 Spiritus
349 1550 401 1578 sub
426 1549 513 1577 forma
539 1549 610 1584 ignis
636 1547 755 1583 impleti,
781 1547 881 1582 linguis
907 1546 991 1573 locuti
1006 1561 1027 1589 ρ

203 1601 280 1630 sunt,
297 1601 324 1625 et
337 1596 506 1624 edendorum
524 1594 721 1623 miraculorum
735 1596 898 1628 potestatem
913 1599 993 1619 acce-

203 1646 313 1679 perunt.
333 1641 476 1676 Quomodo
496 1641 569 1668 enim
594 1639 642 1674 qui
664 1646 886 1674 quoquoversum
914 1641 993 1665 erant

203 1689 338 1724 dispersi,
363 1692 447 1723 atque
468 1687 538 1714 alius
554 1686 608 1713 alio
632 1685 783 1720 hospitium
808 1684 943 1719 dirigere,
965 1688 994 1711 et

201 1743 305 1763 munus
317 1734 497 1770 apostolicum
512 1732 627 1767 exsequi
642 1730 800 1758 mandatum
822 1730 991 1761 habuerant,

203 1782 244 1811 sic
266 1781 431 1810 brevissimo
452 1785 575 1814 tempore
600 1777 682 1805 simul
708 1777 916 1808 convenissent,
938 1775 992 1803 nisi

201 1827 330 1855 vehiculo
344 1825 438 1853 divino
453 1824 520 1852 nubi
537 1823 621 1851 simili
636 1823 753 1858 quisque
768 1822 869 1857 dignus
883 1821 993 1849 habitus

202 1873 297 1902 esset?
312 1872 346 1899 Et
359 1872 470 1907 quidem
491 1869 620 1898 omnibus
643 1869 691 1904 qui
714 1869 742 1896 in
763 1868 843 1896 initio
863 1867 993 1895 salutaris

201 1918 407 1956 praedicationis
423 1918 451 1945 in
463 1924 527 1944 vera
539 1916 590 1943 fide
601 1915 775 1942 ambulantes
785 1915 820 1942 ab
831 1914 890 1950 ipsa
900 1913 994 1940 divina

202 1967 264 1994 luce
280 1963 425 1992 illuminati
449 1965 522 1993 sunt,
538 1966 638 1996 genera
653 1960 826 1995 linguarum,
843 1959 992 1986 sanitatum

203 2011 276 2039 dona
289 2031 296 2042 ,
313 2009 485 2037 diversarum
508 2007 641 2034 virtutum
664 2005 836 2040 operationes
850 2003 957 2031 abunde
977 2010 992 2030 a

203 2057 308 2092 Spiritu
324 2054 477 2082 caelestium
487 2053 622 2080 donorum
635 2051 775 2086 largitore,
788 2054 816 2078 et
827 2049 893 2077 boni
908 2049 993 2077 totius

202 2104 279 2131 fonte
290 2123 297 2135 ,
313 2101 414 2129 nedum
430 2106 529 2135 magno
545 2099 583 2125 illi
599 2098 729 2133 Dionysio
743 2096 929 2132 apostolorum
944 2103 991 2122 co-

201 2157 260 2176 :evo
276 2151 340 2177 sunt
353 2146 501 2182 impertita.
517 2144 552 2172 At
567 2152 644 2173 sacra
660 2144 754 2171 invicti
769 2143 856 2178 ipsius
869 2141 992 2177 martyrii

203 2194 268 2222 tuba
281 2214 288 2226 ,
306 2197 460 2229 opportune
484 2199 586 2220 sonans
597 2211 604 2222 ,
621 2190 713 2218 divina
737 2190 824 2225 ipsius
841 2189 991 2216 certamina

1046 945 1160 978 ἑαυτοῦ,
1178 946 1223 974 καὶ
1243 946 1293 982 τὴν
1311 947 1379 984 πρὸς
1393 947 1427 974 τὰ
1447 947 1604 984 ὑμνούμενα
1620 949 1763 976 κοινωνίαν
1782 949 1836 976 πά-

1047 1001 1129 1028 σχων,
1146 993 1274 1030 καὶπρὸς
1291 994 1400 1020 πάντων
1417 990 1455 1021 ὧν
1471 992 1595 1029 ἠκούετο,
1610 995 1657 1021 καὶ
1673 996 1778 1032 ἑωρᾶτο
1789 996 1837 1023 καὶ

1046 1039 1219 1074 ἐγινώσκετο,
1234 1040 1280 1067 καὶ
1297 1040 1347 1066 οὐκ
1361 1037 1536 1074 ἐγινώσκετο,
1549 1040 1697 1076 θεόληπτος
1708 1039 1777 1068 εἶναι
1790 1042 1836 1069 καὶ

1046 1085 1117 1118 θεῖος
1132 1083 1280 1121 ὑμνολὸγος
1297 1086 1465 1122 κρινόμενος.
1483 1087 1538 1113 Καὶ
1554 1087 1581 1114 τί
1596 1087 1629 1115 ἄν
1648 1096 1690 1113 σοι
1704 1087 1769 1124 περὶ
1781 1087 1838 1115 τῶν

1045 1133 1104 1158 ἐκεῖ
1125 1132 1341 1167 θεολογηθέντων
1366 1132 1492 1168 λέγοιμι;
1519 1133 1574 1159 Καὶ
1599 1133 1653 1170 γὰρ
1679 1134 1703 1160 εἰ
1727 1133 1766 1169 μὴ
1790 1135 1837 1161 καὶ

1045 1178 1164 1213 ἐμαυτοῦ
1179 1178 1375 1214 ἐπιλέλησμαι,
1399 1178 1528 1210 πολλάκις
1550 1177 1607 1206 οἶδα
1629 1179 1704 1215 παρά
1720 1179 1768 1206 σοῦ
1791 1180 1838 1206 καὶ

1047 1222 1116 1260 μέρη
1148 1224 1208 1251 τινὰ
1244 1225 1299 1251 τῶν
1329 1224 1512 1251 ἐνθεαστιχῶν
1548 1225 1660 1252 ἐκείνων
1695 1226 1838 1261 ὑμνῳδιῶν

1045 1270 1210 1302 ἐπακούσας.
1236 1270 1340 1306 Μηδεὶς
1364 1269 1426 1302 οὖν,
1448 1271 1604 1306 ἀγαπητοὶ,
1628 1272 1669 1307 τῷ
1684 1272 1756 1308 λόγῳ
1777 1273 1837 1300 δια-

1045 1316 1186 1348 πιστείτω,
1205 1316 1269 1348 τοὺς
1284 1317 1354 1352 ἀμφὶ
1370 1317 1521 1353 Κορνήλιον
1537 1318 1782 1354 ἀναλογισάμενος,
1796 1320 1839 1346 ὃτι

1044 1363 1163 1389 κάκεῖνοι
1177 1364 1232 1394 τοῖς
1249 1363 1319 1398 ἀμφὶ
1333 1362 1446 1399 Πέτρον,
1465 1363 1510 1390 καὶ
1525 1364 1661 1400 Ἰωάννην,
1682 1365 1729 1392 καὶ
1746 1365 1840 1392 Ἰάκω-

1044 1408 1090 1435 ϐον
1106 1408 1206 1444 ὁμοίως
1227 1409 1400 1445 ἐπλήσθησαν
1416 1410 1466 1445 τῆς
1489 1411 1661 1446 πυριμόρφου
1685 1410 1733 1438 τοῦ
1751 1420 1840 1438 πανα-

1043 1454 1102 1489 γίου
1128 1455 1288 1491 Πνεύματος
1309 1456 1440 1491 χάριτος,
1458 1456 1505 1483 καὶ
1527 1457 1664 1490 γλώσσαις
1688 1457 1838 1493 ἐλάλησαν,

1044 1500 1089 1527 καὶ
1105 1502 1322 1537 τερατουργικῆς
1344 1498 1436 1536 ἰσχύος
1461 1503 1685 1538 μετειλήχεισαν·
1706 1504 1766 1536 πῶς
1782 1504 1840 1541 γὰρ

1045 1547 1068 1573 οἱ
1086 1547 1175 1581 πάντη
1191 1547 1386 1583 διεσπαρμένοι
1400 1564 1407 1579 ,
1431 1548 1479 1575 καὶ
1495 1548 1573 1580 ἄλλος
1589 1548 1720 1585 ἀλλαχόσε
1738 1558 1839 1587 παροι-

1044 1592 1105 1638 κίαν
1123 1593 1232 1626 ἰθύνειν,
1246 1593 1291 1620 καὶ
1302 1593 1455 1629 ἀποστολὴν
1470 1594 1590 1621 ἐκτελεῖν
1607 1597 1842 1633 προκεχειρισμέ-

1043 1647 1099 1671 νοι,
1117 1638 1204 1671 οὕτως
1227 1639 1326 1676 ἀθρόον
1342 1641 1371 1666 ὲν
1387 1640 1524 1677 ἁκαριαίῳ
1539 1641 1628 1677 καιρῷ
1646 1641 1840 1677 συνεληλύθειά

1044 1693 1110 1716 σαν,
1128 1685 1152 1711 εἰ
1175 1684 1212 1720 μὴ
1228 1684 1300 1711 θείου
1318 1686 1470 1720 νεφοειδοῦς
1485 1687 1600 1719 ἕκαστος
1616 1688 1775 1724 ἠξιώθησαν
1790 1689 1843 1726 ἆρ-

1045 1739 1144 1765 ματος;
1163 1730 1217 1756 Καὶ
1236 1730 1288 1766 μὴν
1304 1732 1371 1758 πᾶσι
1384 1733 1441 1764 τοῖς
1457 1732 1527 1759 κατὰ
1542 1733 1591 1768 τὴν
1607 1734 1694 1770 ἀρχὴν
1709 1734 1758 1761 τοῦ
1786 1743 1842 1762 σωκ

1042 1777 1137 1813 τηρίου
1156 1777 1332 1813 κηρύγματος
1347 1779 1380 1813 τῇ
1398 1778 1511 1814 ἀληθινῇ
1529 1779 1715 1815 προσφοιτῶσι
1732 1780 1839 1813 πίστει,

1043 1823 1089 1850 καὶ
1106 1823 1300 1859 φωτιζομένοις
1325 1824 1374 1851 ἀπ’
1391 1824 1472 1851 αὑτοῦ
1490 1825 1537 1852 τοῦ
1556 1825 1627 1852 θείου
1646 1825 1838 1862 φωτίσματος,

1042 1869 1108 1905 γένη
1125 1877 1154 1896 τε
1168 1869 1308 1904 γλωσσῶν,
1324 1870 1370 1897 καὶ
1394 1870 1516 1906 ἰαμάτων
1532 1871 1698 1908 χαρίσματα,
1717 1873 1763 1899 καὶ
1775 1882 1836 1900 ποι-

1043 1915 1124 1943 κίλων
1136 1916 1278 1951 δυνάμεων
1295 1917 1471 1952 ἐνεργήματα
1486 1916 1619 1949 πλουσίως
1636 1918 1704 1953 πρὸς
1720 1918 1769 1945 τοῦ
1782 1919 1842 1946 τῶν

1043 1956 1190 1998 ὑπερφυῶν
1211 1962 1383 1998 δωρημάτων
1399 1963 1567 1998 παρεκτικοῦ
1584 1964 1630 1990 καὶ
1647 1964 1842 2000 ἁγαθαρχικοῦ

1043 2009 1203 2044 Πνεύματος
1219 2009 1361 2040 διεδίδοτο,
1381 2009 1444 2044 μήτι
1463 2017 1495 2042 γε
1511 2010 1568 2040 τοῖς
1585 2009 1653 2036 κατὰ
1678 2010 1724 2036 τὸν
1748 2011 1844 2046 μέγαν

1042 2055 1220 2082 ἀποστολικον
1236 2054 1382 2082 Διονύσιον.
1397 2055 1467 2082 Ἀλλ’
1484 2057 1500 2090 ἡ
1519 2056 1569 2092 τῆς
1586 2056 1735 2092 ἀθλητικῆς
1751 2058 1843 2086 αὑτοῦ

1044 2101 1195 2138 μαρτυρίας
1213 2100 1272 2137 ἱερὰ
1284 2100 1409 2135 σάλπιγξ,
1419 2102 1465 2128 ἐπὶ
1481 2102 1576 2138 καιροῦ
1595 2103 1760 2136 σαλπίσασα,
1771 2105 1844 2137 τοὺς

1042 2147 1124 2174 αὐτοῦ
1142 2147 1229 2178 θείους
1246 2147 1354 2181 ἀγῶνας
1367 2147 1485 2174 εἰσδῦναι
1497 2147 1544 2174 κα).
1561 2148 1747 2175 κατοπτεῦσαι
1767 2159 1844 2186 προδ

1042 2195 1189 2230 τρέπεται,
1208 2193 1254 2220 καὶ
1271 2193 1317 2220 τὸν
1339 2193 1419 2228 λόγον
1442 2194 1488 2220 tr).
1512 2193 1562 2229 τὴν
1578 2194 1633 2221 τῶν
1652 2195 1842 2228 ἐνδοξοτάτων

203 2241 310 2275 ingredi
336 2247 368 2267 ac
388 2239 487 2266 intueri
507 2237 644 2269 hortatur,
660 2237 868 2271 orationemque
884 2235 918 2263 ad
933 2234 991 2269 glo-

1044 2238 1123 2265 αὑτοῦ
1167 2239 1325 2275 μεθίστησιν
1361 2239 1571 2275 ἀριστευμάτων
1607 2242 1843 2278 ὲγκωμιαστικὴν

203 2287 276 2314 riosa
295 2286 383 2321 ipsius
398 2285 520 2312 facinora
534 2282 699 2312 celebranda
712 2281 872 2310 transferre.

238 2331 434 2359 Verumtamen:
456 2334 601 2365 antequam
627 2329 660 2356 de
675 2328 799 2364 martyrii
822 2327 909 2363 ipsius
928 2334 990 2362 pro-

204 2377 346 2414 gressibus
361 2377 453 2404 dicere
469 2375 643 2411 incipiamus,
657 2373 725 2401 illud
738 2373 869 2408 benignos
882 2372 990 2400 audito-

203 2432 249 2452 res
273 2423 346 2451 scire
367 2425 492 2457 oportet,
517 2420 589 2456 quod
606 2420 709 2456 scripta
731 2419 787 2447 Deo
809 2419 889 2454 plena
903 2418 988 2447 divini

203 2470 339 2506 praeconis
363 2468 490 2503 sacrique
517 2467 664 2503 martyris,
683 2466 764 2502 cujus
787 2466 882 2494 laudes
909 2465 990 2493 nobis

203 2516 411 2552 proposuimus,
437 2517 597 2549 sequentes,
623 2513 734 2541 beatum
756 2513 816 2548 ejus
831 2519 945 2547 agonem
961 2512 990 2539 in

202 2562 352 2597 postremis
370 2560 481 2594 Trajani
500 2559 576 2594 regni
602 2559 699 2587 diebus
722 2559 807 2586 fuisse
823 2558 1008 2593 accepimus.‘

203 2608 274 2636 Nam
297 2607 326 2634 in
346 2609 445 2641 quarto
466 2605 633 2632 narrationis
658 2605 696 2632 De
720 2605 816 2632 divinis
841 2606 989 2634 nominibus

203 2655 308 2691 capite,
320 2653 367 2681 ubi
383 2653 484 2680 amoris
498 2652 705 2688 appellationem
719 2651 822 2683 laudat,
837 2651 918 2679 dicit:
930 2652 989 2680 Jam

203 2709 271 2730 vero
285 2699 448 2736 quibusdam
464 2704 497 2726 ex
510 2699 612 2726 nostris
629 2705 770 2726 sacrorum
794 2698 990 2727 tractatoribus

203 2749 294 2776 visum
306 2750 359 2778 est,
377 2747 479 2774 amoris
495 2752 594 2772 nomen
608 2752 690 2780 quam
700 2744 856 2772 dilectionis
871 2752 932 2772 esse
947 2745 991 2772 di~

203 2795 307 2822 Vinius.
334 2792 436 2820 Scribit
455 2792 527 2819 enim
548 2796 575 2819 et
598 2791 708 2819 divinus
734 2791 855 2826 lgnatius
877 2800 884 2818 :
907 2793 990 2819 Amor

204 2846 277 2864 meus
298 2836 370 2863 cruci
388 2836 496 2870 sufﬁxus
510 2840 559 2864 est.
576 2835 633 2864 Hoc
650 2837 723 2864 enim
745 2837 859 2864 verbum
878 2837 988 2866 divinus

205 2881 326 2918 [gnatius
342 2885 462 2910 extremo
481 2883 614 2918 supplicio
638 2882 730 2911 Romae
751 2883 941 2919 dimicaturus,
958 2893 990 2913 ac

1042 2282 1187 2320 ὑφήγησιν.

1076 2335 1149 2371 Πλήν
1177 2342 1208 2370 γε
1244 2336 1309 2372 πρὶν
1334 2336 1461 2371 ἐπιϐῆναι
1492 2336 1540 2363 τοῦ
1568 2336 1623 2364 τῶν
1656 2339 1845 2374 μαρτυρικιῖΝ

1042 2381 1212 2417 σκαμμάτων
1233 2382 1325 2414 οὐδοῦ,
1348 2382 1405 2409 δεῖν
1430 2382 1527 2409 εἰδέναι
1550 2383 1626 2409 τουτὶ
1649 2383 1680 2409 τὸ
1705 2385 1846 2421 φιλήκοον

1041 2428 1231 2464 ἀκροατήριον,
1249 2429 1297 2460 ὡς,
1313 2429 1370 2460 τοῖς
1381 2429 1429 2455 τοῦ
1442 2429 1648 2465 εὐφημουμένου
1666 2430 1845 2467 θεοκήρυκός

1040 2483 1070 2501 τε
1094 2475 1140 2501 καὶ
1173 2475 1371 2511 ίερομάρτυρος
1396 2475 1587 2508 θεοπνεύστοις
1618 2477 1845 2513 συγγράμμασιν

1041 2519 1179 2556 ἑπόμενοι,
1190 2521 1240 2556 τὴν
1257 2521 1340 2547 αὑτοῦ
1353 2522 1491 2557 μακαρίαν
1502 2522 1614 2557 ἄθλησιν
1628 2523 1658 2549 ὲν
1673 2524 1731 2554 τοῖς
1749 2524 1844 2551 ὑστά-

1040 2574 1096 2598 τοις
1114 2566 1165 2602 τῆς
1182 2566 1229 2593 τοῦ
1247 2566 1382 2602 Τραϊανοῦ
1400 2566 1537 2602 βασιλείας
1551 2567 1690 2602 γεγονέναι
1708 2569 1845 2606 κατειλή-

1041 2621 1130 2648 φαμεν
1142 2621 1148 2627 ·
1167 2613 1196 2640 ὲν
1222 2613 1270 2648 μὲν
1300 2612 1340 2648 τῷ
1360 2613 1483 2649 τετάρτῳ
1504 2613 1552 2640 τοῦ
1574 2614 1645 2648 Περί
1663 2615 1750 2641 θείων
1766 2616 1843 2642 ὀνο-

1038 2658 1140 2692 μάτων
1161 2658 1240 2693 λόγου
1263 2659 1403 2694 κεφαλαίῳ
1426 2659 1576 2693 φάσκοντος
1589 2679 1596 2692 ,
1620 2660 1684 2686 ἔνθα
1709 2660 1759 2696 τὴν
1782 2662 1842 2689 τοῦ

1041 2704 1141 2740 ἔρωτος
1157 2703 1314 2739 ἐπωνυμίαν
1337 2704 1462 2740 ὲξυμνεῖ·
1487 2706 1584 2732 Καίτοι
1600 2705 1672 2738 ἔδοξέ
1695 2715 1751 2733 τισι
1776 2708 1841 2735 τῶν

1041 2749 1101 2776 καθ’
1114 2751 1187 2785 ἡμᾶς
1199 2749 1354 2786 ἰερολόγων,
1366 2751 1412 2777 καὶ
1426 2750 1562 2786 θειότερον
1578 2751 1646 2779 εἶναι
1659 2752 1691 2779 τὸ
1707 2753 1756 2780 τοῦ
1766 2754 1843 2790 ἐρω-

1040 2804 1086 2826 τος
1104 2796 1191 2831 ὗνομα
1209 2795 1256 2822 τοῦ
1280 2797 1332 2831 τῆς
1356 2797 1475 2831 ἀγάπης.
1496 2797 1598 2834 Γράφει
1613 2798 1642 2824 δὲ
1658 2799 1705 2825 καὶ
1721 2800 1737 2826 ὁ
1759 2800 1843 2833 θεῖος

1048 2842 1185 2876 Ἰγνάτιος,
1210 2843 1398 2877 ὀἐμὸςὲρως
1408 2844 1588 2876 ἐσταύρωται
1598 2853 1605 2860 ο
1628 2845 1710 2872 τοῦτο
1725 2847 1782 2884 γὰρ
1805 2848 1841 2874 ab

1042 2889 1122 2924 ῥητὸν
1136 2890 1149 2915 ὑ
1167 2889 1293 2924 θεοφόρος
1317 2890 1457 2924 Ἰγνάτιος,
1478 2890 1579 2925 μέλλων
1597 2893 1626 2918 ὲν
1643 2892 1738 2928 Ῥώμῃ
1758 2903 1842 2929 μαρ-
