1950 3065
127 179 177 208 657

583 182 674 216 VITA,
691 182 854 212 AUCTORE
870 182 1044 212 MICHAELE
1061 184 1229 214 SYNGELO.

1689 186 1743 216 658

127 237 245 274 τυρικῶς
260 238 403 274 ἀθλήσειν,
428 239 474 266 καὶ
490 241 547 272 τοῖς
571 240 660 268 λέουσι
686 241 753 278 βορὰ
770 241 840 269 κατὰ
860 242 902 277 τὴι

963 242 1089 271 leonibus
1105 243 1220 279 imperio
1235 243 1345 278 Trajani
1362 244 1435 279 regis
1450 244 1530 272 cibus
1546 243 1742 279 projiciendus,

127 284 172 312 τοῦ
187 285 318 321 τυράννου
329 286 463 321 Τραϊανοῦ
480 286 626 323 πρόσταξιν
643 287 908 324 παραδληθήσεσθαι,

126 331 190 367 περὶ
201 330 232 357 τὺ
241 331 292 367 τῆς
307 331 388 358 αὐτοῦ
403 331 548 369 τυραννίας
562 332 669 360 ἔννατον
684 333 754 367 ἐτος,
772 334 842 361 κατά
854 333 909 362 τῶν

125 378 328 405 εὐσεϐεστάτων
342 379 512 415 Χριστιανῶν
526 380 644 416 διωγμὸν
659 380 824 417 ἐγείραντος,
841 381 909 408 Ῥω·-

127 424 216 460 μαίοις
232 424 397 452 ἐπιστέλλων
412 425 565 462 γέγραφεν·
578 427 616 458 ὡς
632 428 664 454 ἐκ
674 427 770 454 τούτου
787 427 910 464 παραδη-

125 470 252 504 λοῦσθαι,
278 471 346 507 πρὸς
360 471 401 507 τῷ
422 471 469 498 τοῦ
493 471 606 499 διώκτου
622 473 776 509 τυραννίδος
792 474 906 510 πέρατι,

129 516 220 549 καθὼς
241 517 363 553 ἔφθημεν
378 518 536 554 εἰρηκότες,
560 518 606 545 τὸν
624 519 784 555 ἱεροφάντην
801 528 908 555 μεμαρσ-

126 563 275 599 τυρηκέναι
297 563 442 591 Διονύσιον.
464 564 536 600 Πρὸς
551 564 579 591 δὲ
599 564 645 591 τὸν
659 566 708 601 τῆς
723 565 837 601 βροντῆς
852 566 908 593 υἱὸν

125 609 172 636 τὸν
192 609 348 645 ὑψηλότατα
371 610 418 637 καὶ
439 611 507 647 ὑπὲρ
526 611 615 638 πάντα
639 611 701 638 νοῦν
718 612 862 648 ἐγκόσμιόν
878 621 908 639 τε

125 655 172 682 καὶ
188 655 370 690 ὑπερκόσμιον
388 655 575 692 βροντήσαντά
590 665 620 683 τε
640 657 686 684 κα)⁸
712 657 915 694 θεολογήσαντα,

123 701 356 737 τρισμακάριστον
375 702 487 738 γράφων
511 702 646 738 Ἰωάννην,
669 704 698 730 ἐν
715 703 817 739 Πάτμῳ
834 713 908 740 περι-

123 747 273 784 ωρισμένον
289 747 423 782 ἀποφάσει
437 748 610 783 Δομετιανοῦ,
626 748 673 775 τοῦ
692 749 760 785 μετὰ
771 749 849 777 Τίτον
862 750 908 777 τὸν

123 792 236 827 ἀδελφὺν
252 793 334 820 αὑτοῦ
354 793 590 828 βεϐασιλευκότος,
609 794 701 830 (ἄμφω
715 794 768 830 γὰρ
784 796 908 823 Οὐεσπα-

124 838 216 865 σιανοῦ
232 839 325 871 παῖδες
334 839 419 876 ἦστην
429 848 435 855 ·
447 840 456 875 )
467 841 531 876 περὶ
546 841 592 868 τὸν
607 841 658 876 τῆς
673 841 755 868 αὑτοῦ
771 841 908 877 βασιλείας

123 884 236 920 ἔσχατον
260 885 381 914 ἐνιαυτὸν
404 886 474 913 κατὰ
502 886 558 914 τῶν
582 886 685 914 πιστῶν
708 887 905 924 λυττήσαντος,

123 930 189 965 φησὶ
208 930 382 967 προφητικῶς
395 932 585 968 προαγορεύων
595 932 651 967 (καὶ
658 933 830 969 προφητικῆς
841 943 906 970 μετ-

123 975 222 1011 έσχηκε
239 976 373 1012 χάριτος)’
388 987 397 1002 ι
415 977 502 1012 Ἥμᾶς
523 977 551 1004 δέ
570 978 647 1005 οὐθὲν
662 979 816 1006 τούναντίον
837 980 906 1006 ἀπο-

123 1014 253 1058 στερήσειν
273 1023 322 1057 τῆς
345 1022 468 1049 Ἰωάννου
483 1022 631 1058 παμφαοῦς
646 1023 769 1056 ἀκτῖνος,
788 1024 836 1052 νῦν
857 1024 906 1059 μὲν

122 1066 328 1101 ἐντευξομένους
342 1068 376 1103 τῇ
394 1068 488 1104 μνήμῃ
499 1068 545 1094 καὶ
558 1068 704 1096 ἀνανεώσει
714 1070 765 1104 τῆς
783 1069 833 1106 σῆς
842 1071 907 1106 ἀληο

122 1111 185 1143 θοῦς
201 1111 353 1144 θεολογίας·
374 1113 471 1149 μικρὸν
486 1113 514 1140 δὲ
531 1113 643 1150 ὕστερον
661 1115 727 1151 (ἐρῶ
742 1115 807 1152 γὰρ,
824 1117 848 1142 εί
860 1117 906 1143 καὶ

120 1157 270 1194 τολμηρόν)
287 1159 352 1194 ὑμῖν
374 1159 465 1190 αὐτοῖς
492 1159 718 1195 ἐνωθησομένους.
742 1161 906 1195 ’Δξιόπιστος

119 1203 148 1230 δέ
167 1204 275 1237 πάντως
292 1205 365 1240 εἰμὶ,
389 1205 425 1232 τὰ
447 1206 660 1242 προεγνωσμένα
681 1207 774 1243 μαθὼν
789 1210 823 1236 ὲκ
838 1209 904 1236 Θεοῦ

121 1248 166 1275 καὶ
182 1249 277 1283 λέγων,
294 1250 335 1276 ὅτι
349 1250 396 1277 καὶ
410 1251 461 1286 τῆς
477 1252 506 1278 ἐν
523 1251 626 1287 Πάτμῳ
639 1252 761 1289 φυλακῆς
770 1254 903 1291 ἀφεθήσῃ,

120 1295 167 1322 καὶ
183 1296 223 1327 είς
240 1297 292 1332 τὴν
311 1297 450 1324 Ἀσιάτιδα
472 1297 524 1332 γῆν
541 1298 702 1333 ἐπανήξεις,
726 1300 773 1326 καὶ
795 1299 905 1336 δράσεις

119 1340 177 1370 ἐκεῖ
187 1339 235 1366 τοῦ
255 1340 357 1375 ἀγαθοῦ
376 1341 532 1377 μιμήματα,
551 1343 597 1368 καὶ
612 1343 669 1374 τοῖς
684 1343 752 1378 μετά
766 1345 795 1371 σὲ
813 1354 904 1382 παρα-

118 1383 222 1416 δώσεις.
239 1394 249 1410 ι
261 1385 314 1411 Τοῦ
329 1385 491 1420 Δομετιανοῦ
507 1385 651 1422 τοιγαροῦν
668 1387 763 1422 μετ’οὺ
777 1387 844 1414 πολὺ
860 1397 904 1414 τε-

117 1429 310 1466 τελευτηκότος
323 1430 393 1458 κατὰ
409 1431 459 1467 τὴν
474 1430 522 1458 τοῦ
537 1432 702 1468 χαρίσμασιν
717 1432 904 1466 ἀποστολικοϊς

117 1485 148 1502 τε
165 1477 211 1503 καὶ
227 1479 404 1513 προφητικοῖς
417 1477 614 1514 διαπρέψαντος
634 1478 779 1506 θεσπεσίου
798 1479 904 1516 Πατρὸς

117 1522 270 1558 πρόρρησιν
281 1542 288 1554 ,
304 1523 427 1558 Νερούας
439 1543 446 1555 ,
461 1522 510 1559 τὴν
534 1523 671 1558 βασιλείαν
694 1523 884 1560 διαδεξάμενος
894 1544 901 1556 ,

116 1568 181 1600 τοὺς
196 1569 224 1595 ἐν
247 1569 406 1605 ύπερορίαις
421 1569 611 1597 ἀνεκαλέσατο.
636 1561 792 1605 Τηνιδῖαῦτα
809 1571 837 1598 δὲ
858 1571 903 1599 καὶ

116 1615 132 1641 ὁ
148 1615 273 1650 μέγιστος
289 1615 482 1651 εὐαγγελιστὴς
500 1616 539 1648 εἰς
554 1615 603 1651 τὴν
622 1616 752 1650 Ἐφεσίων
768 1617 903 1652 ἐπανῆλθε

118 1661 299 1697 μητρόπολιν,
329 1662 376 1689 καὶ
405 1662 439 1688 τὰ
468 1663 520 1698 τῆς
550 1663 776 1699 προαγορεύσεως
805 1663 902 1700 εἴληφε

115 1706 213 1742 πέρας.

151 1753 204 1779 Τοῦ
214 1752 320 1790 Νερούα
331 1754 377 1780 τὸν
388 1753 444 1789 βίον
461 1754 670 1790 μετηλλαχότος,
683 1756 729 1782 ἐπὶ
742 1755 838 1792 χρόνον
855 1755 904 1783 ἕνα

114 1799 166 1831 τὰς
180 1799 230 1835 τῆς
252 1800 408 1836 Ῥωμαῖκῆς
429 1801 517 1837 ἀρχῆς
531 1802 610 1837 ἡνίας
625 1803 826 1838 κεκρατηκότος
837 1823 845 1836 ,
863 1804 903 1835 είς

114 1846 249 1882 Τραϊανὸν
272 1845 319 1873 τὸν
343 1846 476 1881 τύραννον
498 1847 529 1873 τὸ
552 1847 652 1884 κράτος
669 1848 900 1883 μεταπέπτωκεν,

113 1891 146 1923 ὃς
165 1891 224 1918 λίαν
249 1893 283 1928 τῇ
302 1892 372 1919 κατὰ
393 1892 503 1920 Σκυθῶν
518 1901 549 1919 τε
569 1893 615 1923 καὶ
635 1893 766 1935 Θρακῶν,
784 1894 830 1922 καὶ
845 1894 901 1921 δια-

114 1938 206 1974 φόρων
221 1938 262 1965 ὅτι
278 1938 413 1966 πλείστων
427 1939 514 1966 ἐθνῶν
527 1932 746 1977 ἐπαρθεὶςνίκῃ,
761 1940 807 1967 καὶ
823 1940 901 1974 δόξας

116 1980 230 2016 μηδενὸς
248 1982 358 2018 ἄρχειν,
381 1983 406 2009 εί
421 1983 458 2019 μὴ
475 1983 522 2010 καὶ
537 1984 567 2010 το
583 1984 747 2017 πανευσεδές
762 1985 816 2013 τῶν
831 1986 900 2022 Χρι-

115 2028 231 2055 στιανῶν
255 2027 381 2064 σύστημα
404 2031 437 2066 τῇ
459 2029 514 2056 τῶν
529 2030 664 2065 δαιμόνων
687 2030 733 2057 καὶ
751 2031 898 2066 βδελυκτῶν

114 2073 216 2106 ξοάνων
241 2074 353 2112 λατρεία
381 2076 428 2103 καὶ
453 2077 637 2113 προσκυνήσει
668 2077 899 2111 καθυωτὰξειεν,

112 2119 254 2155 ὠμότατον
275 2121 435 2157 ἁνερῤίπισε
451 2122 588 2158 διωγμὸν,
610 2123 657 2150 καὶ
677 2124 768 2151 πᾶσαν
787 2124 837 2160 τὴν
853 2125 899 2151 ὑπ’

112 2165 188 2200 αὐτῷ
196 2165 330 2198 ,τελοῦσαν
351 2167 406 2194 τῶν
433 2169 608 2205 μαρτυρικῶν
630 2169 754 2205 αἱμάτων
770 2169 898 2205 ἐμέθυσε,

113 2211 231 2239 πάντοσε
245 2213 467 2249 διαπεμψάμενος
490 2215 696 2251 ἀπηνεστάτους
716 2215 833 2248 διώκτας
849 2217 899 2244 αὐ-

916 1591 938 1620 C

961 289 1034 316 circa
1051 297 1152 316 nonum
1165 289 1240 324 regni
1256 289 1342 324 ipsius
1359 298 1472 322 annum,
1484 290 1661 318 deszevientis
1676 298 1744 318 con-

959 338 1003 361 tra
1014 334 1188 362 Christianos
1204 336 1313 370 pietatis
1326 336 1541 369 amantissimos,
1555 335 1684 365 Romanis
1694 344 1745 372 per

959 378 1102 414 epistolam
1120 379 1239 414 scripsit.
1261 378 1294 406 Ut
1315 379 1380 406 hinc
1403 380 1521 415 liqueat,
1536 381 1587 409 sub
1607 380 1686 409 linem
1701 386 1744 417 ty-

959 424 1080 453 rannicae
1101 425 1211 452 saevitiae
1237 425 1285 460 (ut
1305 425 1410 460 pridem
1431 425 1566 461 diximus)
1583 426 1743 462 Dionysium

959 477 1101 498 sacrorum
1128 471 1302 506 interpretem
1323 475 1437 498 mortem
1452 472 1625 499 occubuisse.
1640 471 1743 500 Verum

959 522 1021 542 cum
1036 515 1069 542 ad
1082 515 1270 543 beatissimum
1287 514 1419 543 Joannem
1435 517 1568 545 scriberet
1580 517 1694 545 tonitrui
1710 518 1743 544 li-

960 561 1037 594 lium.
1053 569 1085 589 ac
1099 561 1227 589 omnibus
1240 569 1301 589 cum
1319 563 1447 596 terrenis,
1459 567 1516 590 tum
1532 565 1690 594 cmlestibus
1700 573 1745 593 su-

958 606 1127 639 blimiorem,
1143 607 1190 642 qui
1202 607 1236 634 de
1251 608 1333 635 rebus
1349 607 1450 636 divinis
1461 609 1550 636 instar
1567 611 1680 638 tonitrui
1699 611 1743 639 lo-

959 655 1040 678 cutus
1052 655 1108 684 est,
1123 653 1226 688 quique
1248 653 1275 680 in
1291 652 1398 686 Patmo,
1415 654 1505 682 edicto
1518 654 1664 683 Domitiani
1679 656 1744 692 post

959 695 1050 724 Titum
1070 697 1182 726 fratrem
1206 698 1265 732 eius
1293 707 1408 735 regnum
1435 700 1524 736 adepti
1553 701 1650 736 (ambo
1669 703 1744 730 enim

959 740 1117 778 Vespasiani
1132 743 1179 771 lilii
1191 744 1287 780 fuere),
1301 745 1517 778 exsulavit,cum
1529 747 1603 774 circa
1618 748 1743 776 ultimum

958 789 1034 824 regni
1045 789 1105 824 ejus
1117 796 1219 816 annum
1235 794 1331 817 contra
1347 790 1441 819 ﬁdeles
1456 791 1610 825 desawiret,
1623 793 1744 828 prophe-

958 834 1011 861 tice
1034 836 1087 862 hoc
1111 835 1184 871 (cum
1209 835 1362 863 futurorum
1387 837 1623 872 praedicendorum
1654 839 1743 874 gratia

959 880 1104 916 insignitus
1125 883 1213 916 esset)
1228 883 1437 918 praanuntiando
1452 883 1521 910 dixit
1539 892 1546 909 :
1568 883 1651 920 385I
1665 894 1674 910 ι
1687 884 1743 913 Nos

958 930 1033 954 certe
1055 927 1160 955 nullum
1185 928 1366 956 infortunium
1389 930 1509 964 privabit
1525 929 1640 958 Joannis
1665 931 1744 959 radio

957 973 1049 1000 omnia
1064 973 1255 1006 collustrante.
1270 982 1344 1002 nunc
1357 975 1469 1010 quidem
1485 977 1643 1004 memoriam
1660 981 1686 1004 et
1701 977 1744 1004 iu-

956 1019 1129 1047 novationem
1162 1024 1216 1048 tum
1241 1029 1313 1049 verte
1343 1021 1485 1058 theologia:
1519 1027 1741 1050 consecuturos:

955 1065 1037 1100 paulo
1048 1073 1113 1093 vero
1136 1070 1197 1101 post
1212 1066 1312 1101 (dicam
1326 1067 1416 1099 enim,
1432 1068 1485 1096 etsi
1500 1067 1552 1095 hoc
1566 1068 1742 1095 temerarium

955 1111 1102 1147 videatur)
1127 1112 1205 1140 vobis
1228 1112 1296 1147 ipsis
1316 1113 1534 1149 conjungendos.
1560 1112 1626 1140 Sum
1651 1117 1742 1141 autem

955 1157 1067 1184 omnino
1083 1157 1135 1185 [ide
1149 1158 1268 1193 dignior,
1295 1157 1318 1186 si
1334 1166 1366 1186 ea
1380 1166 1441 1194 qua:
1452 1167 1468 1187 a
1483 1158 1538 1186 Deo
1556 1158 1652 1191 didici,
1667 1167 1742 1194 qua:-

954 1211 1008 1238 que
1030 1203 1079 1231 tibi
1100 1204 1266 1239 prazcognita
1285 1208 1361 1236 sunt,
1381 1205 1464 1232 etiam
1487 1205 1593 1237 dixero,
1611 1205 1685 1240 quod
1708 1212 1742 1232 ex

954 1247 1042 1276 Patmi
1057 1256 1168 1277 carcere
1181 1249 1250 1277 liber
1263 1250 1421 1282 dimitteris,
1435 1254 1463 1277 et
1477 1250 1504 1277 in
1517 1249 1588 1278 Asiae
1602 1250 1741 1286 regionem

955 1295 1110 1327 reverteris,
1137 1295 1174 1323 ibi
1199 1295 1330 1323 imitanda
1346 1296 1517 1324 rectitudinis
1532 1297 1655 1331 exempla
1680 1305 1742 1332 per-

954 1345 1077 1373 acturus,
1085 1345 1113 1368 et
1123 1349 1154 1369 ea
1164 1342 1280 1377 posteris
1294 1342 1455 1370 traditurus.
1470 1352 1479 1368 »
1492 1341 1648 1370 Domitiano
1656 1343 1740 1379 igitur

955 1393 1009 1414 non
1024 1387 1110 1414 multo
1120 1391 1183 1422 post
1197 1387 1253 1414 vita
1268 1387 1372 1419 functo,
1385 1388 1465 1422 juxta
1479 1388 1622 1415 oraculum
1639 1387 1741 1416 summi

951 1435 1041 1465 Patris
1060 1438 1218 1473 apostolicis
1248 1442 1275 1466 et
1301 1438 1471 1474 propheticis
1493 1438 1573 1467 donis
1597 1439 1739 1475 insigniti;

952 1481 1053 1516 Nerva,
1062 1491 1175 1518 regnum
1190 1484 1315 1520 adeptus,
1327 1492 1375 1511 eos
1389 1485 1436 1519 qui
1453 1485 1480 1511 in
1493 1485 1590 1512 exsilio
1603 1489 1682 1512 erant
1697 1493 1741 1512 re-

954 1530 1071 1557 vocavit.
1086 1529 1156 1557 Tum
1167 1537 1234 1558 vero
1247 1530 1419 1566 Evangelista
1433 1539 1543 1566 quoque
1563 1531 1700 1559 maximus
1712 1532 1741 1559 in

954 1575 1134 1611 Ephesiorum
1148 1576 1322 1612 metropolim
1336 1576 1475 1604 civitatem
1503 1584 1630 1606 reversus
1642 1581 1684 1605 est
1694 1597 1701 1610 ,
1714 1581 1741 1607 et

954 1622 1098 1650 oraculum
1113 1622 1153 1650 rei
1168 1626 1284 1650 eventus
1297 1622 1497 1658 comprobavit.

987 1752 1074 1780 Porro
1088 1760 1150 1784 cum
1166 1752 1223 1787 jam
1241 1751 1329 1780 Nerva
1352 1753 1411 1789 ipse
1432 1761 1543 1788 quoque
1563 1752 1738 1786 decessisset,

952 1799 999 1834 qui
1016 1806 1071 1826 uno
1090 1805 1162 1829 anno
1176 1798 1296 1826 habenas
1312 1797 1427 1826 Romani
1448 1799 1618 1835 principatus
1638 1794 1733 1826 model

952 1850 1028 1873 ratus
1043 1846 1098 1877 est,
1112 1844 1255 1879 imperium
1271 1843 1305 1871 ad
1315 1843 1463 1878 Trajanum
1473 1851 1562 1878 regem
1578 1843 1738 1871 devolutum

951 1896 1008 1924 est,
1025 1892 1072 1927 qui
1099 1894 1196 1919 contra
1220 1889 1337 1926 Scythas
1352 1889 1526 1925 Thracesque
1546 1896 1579 1916 ac
1593 1889 1738 1924 quamplu-

949 1937 1034 1965 rimas
1049 1937 1116 1964 alias
1130 1940 1226 1971 gentes
1245 1940 1324 1970 parta
1341 1935 1456 1963 victoria
1474 1936 1563 1964 elatus
1575 1956 1583 1969 ,
1597 1937 1739 1964 existima-

950 1983 990 2011 vit
1001 1982 1105 2010 nemini
1117 1982 1252 2017 imperare
1268 1988 1349 2016 posse
1359 2001 1369 2014 ,
1387 1981 1442 2008 nisi
1458 1981 1539 2008 etiam
1554 1978 1738 2009 venerandam

950 2035 982 2055 ac
1002 2027 1074 2063 piam
1094 2026 1315 2055 Christianorum
1341 2027 1582 2062 congregationem
1604 2027 1690 2053 cultui
1710 2030 1738 2053 et

949 2074 1102 2102 adorationi
1115 2075 1279 2106 daemonum,
1294 2074 1343 2110 qui
1358 2077 1423 2102 sunt
1444 2073 1604 2101 detestanda
1623 2074 1738 2101 simula-

949 2128 1013 2153 cra,
1031 2120 1171 2149 subderet.
1189 2120 1309 2149 Proinde
1323 2124 1402 2148 atrox
1427 2120 1483 2147 illis
1505 2120 1608 2147 bellum
1626 2119 1736 2152 indixit,

948 2170 976 2194 et
1000 2166 1156 2194 universam
1179 2166 1239 2201 ejus
1264 2165 1396 2193 ditionem
1434 2172 1532 2193 cruore
1559 2169 1712 2200 martyrum
1727 2184 1735 2197 ,

948 2218 1169 2246 quoquoversum
1203 2210 1364 2238 saevissimis
1391 2209 1585 2245 quaesitoribus
1614 2210 1737 2238 dimissis

111 2257 177 2288 τοὺς
207 2257 312 2293 ίταμῶς
336 2259 442 2292 ’πάντας
470 2260 651 2296 Χριστιανοὺς
682 2261 901 2296 καταναγκάζειν

953 2258 1097 2289 inebriavit
1107 2277 1115 2290 ,
1130 2257 1274 2290 mandans,
1291 2262 1321 2284 ut
1334 2257 1386 2292 ipsi
1402 2265 1499 2285 omnes
1509 2257 1682 2284 Christianos
1697 2258 1735 2284 si-

112 2303 187 2330 θύειν
206 2306 263 2336 τοῖς
279 2304 397 2337 εἰδώλοις
408 2325 415 2337 ,
432 2306 449 2341 ἢ
471 2307 508 2342 μὴ
524 2306 702 2343 πειθομένους
717 2308 899 2340 παντοδαποῖς

111 2351 283 2378 ἀποκτείνειν
305 2351 429 2386 βασάνων
452 2352 562 2380 εἴδεσιν.
586 2353 615 2380 Ὀ
633 2354 768 2390 μακάριος
789 2354 897 2387 τοίνυν,

112 2397 160 2423 καὶ
175 2397 237 2433 τρὶς
252 2397 332 2424 τοῦτο
353 2398 400 2425 καὶ
419 2398 550 2431 πολλάκις
571 2399 708 2432 Διονύσιος
723 2400 770 2426 ἐπὶ
785 2400 900 2437 ἑϐδομη-

111 2443 245 2478 κονταετῆ
262 2443 357 2479 χρόνον
379 2443 423 2470 διὰ
441 2444 546 2480 μυρίων
561 2445 736 2480 ὀνειδισμῶν,
754 2447 802 2474 καὶ
818 2447 898 2474 πολέ-

111 2496 172 2523 μων
182 2507 190 2519 ,
207 2487 252 2514 καὶ
267 2488 395 2515 κινδύνων
413 2489 466 2515 ὑπό
478 2489 578 2516 τε’τῶν
593 2491 731 2526 ὁμογενῶν
741 2511 749 2524 ,
769 2492 815 2518 καί
832 2501 897 2519 ποτε

113 2533 295 2571 ὁμοθρήσκων
317 2535 363 2561 καὶ
374 2535 429 2562 τῶν
447 2536 615 2572 συντρόφων,
629 2537 728 2572 μᾶλλον
744 2538 773 2564 δέ
789 2538 897 2573 ἀσόφων

107 2578 273 2614 διεληλυθὼς
284 2600 291 2612 ,
314 2580 359 2607 καὶ
379 2580 449 2616 πρὸς
462 2581 582 2608 τοσαῦτα
597 2582 686 2618 πλήθη
703 2582 849 2619 βαρϐάρων
866 2592 897 2610 τε

109 2625 158 2653 καὶ
179 2625 312 2662 Ἐλλήνων
324 2626 532 2662 Δείδωλομανῷν,
555 2628 602 2655 κα)⁸
618 2628 686 2664 πρὸς
699 2629 749 2664 τὴν
763 2629 818 2656 τῶν
833 2630 897 2657 ἀνό-

109 2679 170 2707 μων
187 2671 234 2699 καὶ
251 2672 392 2707 δυσμενῶν
413 2673 546 2709 Ἐϐραίων
559 2673 732 2710 ἀγριωτάτην
747 2674 898 2712 διασπορὰν

107 2717 417 2753 ἀντιπαραταξάμενος,
434 2718 480 2746 καὶ
499 2718 610 2755 δραμὼν
626 2720 725 2756 δρόμον
739 2721 897 2750 διπλασίονα

107 2762 157 2789 τοῦ
169 2762 199 2789 ὃν
215 2763 320 2795 Παῦλος
336 2763 351 2789 ὁ
368 2763 515 2796 πολύαθλος
531 2764 577 2791 καὶ
592 2764 788 2802 οὐρανοδρόμος
803 2766 898 2803 δεδρά-

111 2817 216 2843 μηκεν,
233 2809 294 2836 ὅσον
308 2818 339 2844 γε
356 2809 426 2837 κατὰ
438 2810 489 2846 τὴν
507 2809 633 2846 χρονικὴν
654 2811 809 2847 παράτασιν
822 2833 829 2845 ,
850 2813 896 2840 καὶ

108 2853 190 2886 λαοὺς
205 2854 350 2891 ἀπείρους,
362 2855 406 2882 διὰ
425 2855 480 2883 τῶν
495 2856 542 2883 ὑπ’
555 2855 636 2883 αὑτοῦ
651 2858 685 2892 τῇ
700 2857 748 2884 τοῦ
762 2858 895 2893 παναγίου

110 2899 267 2936 ηνεύματος
295 2901 420 2939 ἐνεργείᾳ
442 2902 610 2938 τελουμένων
637 2903 757 2939 σημείων
782 2904 828 2931 καὶ
852 2914 896 2932 τε-

951 2305 1082 2332 mulacris
1105 2304 1240 2332 sacriﬁcia
1262 2303 1351 2332 facere
1370 2304 1495 2339 improbe
1519 2308 1664 2339 cogerent,
1680 2311 1737 2331 non

950 2351 1170 2385 obtemperantes
1199 2354 1289 2378 autem
1315 2350 1390 2377 omni
1418 2350 1614 2385 suppliciorum
1637 2357 1737 2385 genere

949 2395 1147 2423 interimerent.
1162 2395 1261 2423 Beatus
1290 2395 1373 2430 igitur
1390 2398 1487 2430 terque
1502 2394 1657 2430 saepiusque
1672 2394 1738 2422 bea-

949 2445 995 2470 tus
1008 2441 1172 2477 Dionysius,
1186 2441 1218 2468 ad
1235 2441 1466 2476 septuagesimum
1482 2449 1584 2470 annum
1599 2448 1648 2475 per
1661 2440 1736 2468 mille

949 2488 1106 2524 opprobria,
1121 2491 1266 2520 tormenta,
1279 2487 1350 2515 bella
1366 2491 1393 2515 et
1406 2487 1527 2522 pericula
1543 2487 1655 2517 mortis.
1671 2495 1734 2514 cum

949 2541 965 2561 a
985 2541 1042 2561 suae
1062 2535 1151 2568 gentis
1177 2532 1349 2565 hominibus,
1364 2536 1423 2559 tum
1451 2531 1588 2561 interdum
1604 2540 1620 2559 a
1641 2531 1693 2559 ﬁde
1708 2535 1736 2559 et

948 2580 1079 2616 religione
1100 2579 1270 2614 conjunctis,
1300 2579 1514 2614 domesticisque
1548 2578 1733 2614 philosophis.

947 2627 1099 2662 praesertim
1115 2626 1311 2661 insipientibus
1327 2633 1498 2661 progressus,
1514 2629 1542 2653 et
1553 2629 1608 2652 tam
1632 2623 1734 2659 ingenti

948 2672 1128 2700 barbarorum
1140 2691 1148 2705 ,
1167 2679 1200 2700 ac
1221 2672 1364 2708 gentilium
1389 2672 1418 2700 in
1442 2671 1564 2699 colendis
1579 2669 1735 2698 simulacris

948 2718 1144 2751 insanientium
1160 2718 1339 2750 multitudini,
1353 2725 1406 2746 nec
1419 2725 1476 2745 non
1490 2716 1667 2744 ferocissimae
1681 2715 1735 2742 im-

947 2767 1056 2803 piorum
1079 2775 1112 2795 ac
1126 2766 1277 2795 crudelium
1302 2765 1478 2794 Hebraeorum
1502 2763 1666 2799 dispersioni
1686 2769 1735 2790 ex-

947 2812 1064 2848 positus,
1077 2820 1189 2840 cursum
1201 2812 1315 2847 duplum
1327 2811 1443 2847 peregit,
1457 2810 1518 2844 ejus
1534 2816 1615 2844 quem
1631 2807 1744 2837 Paulus

947 2859 994 2893 qui
1009 2859 1124 2886 multum
1141 2859 1302 2889 decertavit,
1315 2858 1418 2893 quique
1429 2856 1507 2884 cmlis
1523 2855 1616 2882 illatus
1629 2859 1682 2886 est.
1694 2853 1733 2881 fe-

947 2908 1021 2933 cerat
1034 2925 1041 2938 ,
1063 2908 1198 2940 quatenus
1215 2904 1366 2940 prmscrtim
1390 2903 1423 2931 ad
1439 2903 1569 2939 temporis
1583 2901 1733 2938 longitudi-
