1950 3065
244 162 278 190 59

808 161 837 190 S.
856 160 1003 190 DIONYSII
1018 159 1250 190 AREOPAGITE

1787 164 1834 194 660

226 228 288 248 nem
304 225 417 256 spectat,
429 224 455 248 et
467 222 557 248 varios
570 220 686 256 populos
696 239 703 251 ,
715 226 785 254 quos
803 219 889 254 signis
904 222 932 246 et
944 226 1003 254 pro-

1059 219 1192 255 ραστείων
1208 220 1380 256 σαγηνεύσας
1395 220 1464 257 πρδς
1480 220 1533 257 τὴν
1546 219 1586 253 εις
1602 221 1721 257 Χριστὸν
1736 222 1832 254 πίστιν,

225 267 306 302 digiis
325 267 360 294 ab
377 267 438 302 ipso
450 267 552 294 virtute
574 265 663 294 sancti
682 265 800 301 Spiritus
814 264 895 292 editis
906 285 914 299 ,
936 264 1008 297 tidei,

225 321 286 348 qua
300 313 328 340 in
343 312 484 340 Christum
499 317 552 346 est,
568 311 741 344 conciliavit;
756 311 822 338 dum
836 311 931 346 prima:
945 318 1009 346 per-

224 358 376 387 secutionis
406 358 583 394 longissimos
610 364 643 384 ac
670 356 879 385 molestissimos
910 364 1009 385 cursus

224 409 379 442 perageret,
395 412 464 440 quos
482 407 687 439 persecutorum
702 403 807 438 primus
818 423 826 436 ,
842 407 870 430 et
887 403 1009 430 omnium

224 455 358 486 quotquot
373 450 455 486 385
473 457 593 485 unquam
609 453 802 484 regnaverunt,
815 448 950 484 pessimus
968 451 1009 475 at-

224 505 279 532 que
293 497 496 532 impurissimus
513 494 584 524 Nero
607 498 704 523 contra
719 494 906 522 Christianum
922 501 1009 530 popu-

224 544 281 571 lum
297 543 436 576 excitavit,
451 542 497 576 qui
514 547 542 570 et
556 549 678 570 summos
694 541 798 570 Christi
814 541 963 576 discipulos
975 540 1009 569 de

223 589 313 618 medio
328 589 449 616 sustulit.
465 587 594 623 Reliquas
605 595 670 615 vero
685 590 860 622 tempestates
871 594 931 622 qua:
942 586 1008 614 sub«

223 639 324 665 secuta:
339 640 420 671 sunt,
436 642 505 670 quas
521 634 627 661 insania
641 633 786 660 Domitiani
803 637 898 661 contra
915 633 1007 660 ﬁdeles

223 681 356 714 adduxit,
374 689 436 708 cum
452 680 559 708 fortiter
572 679 748 715 pertulisset,
773 680 802 707 in
824 679 1007 714 omnibusque

221 727 353 764 probatus
366 727 555 762 apparuisset,
572 726 776 753 celeberrimam
797 725 910 762 gloriam
932 728 1007 752 retu-

222 773 265 801 lit.
280 772 371 806 Quare
387 772 459 799 l'ama
474 772 553 800 velox
569 779 733 807 quocunque
748 778 891 807 permeans
907 771 1005 799 claris-

222 818 321 846 simum
339 817 399 852 ejus
416 825 516 845 nomen
532 817 691 852 asperrimis
706 816 817 851 Trajani
834 817 947 844 auribus
961 816 1004 843 ln-

221 863 326 896 sonuit,
347 863 526 898 apostolicum
543 863 603 899 ejus
617 870 727 891 cursum
752 871 831 898 quem
847 863 946 898 ubique
960 871 1006 890 ve-

221 908 309 936 locem
325 909 467 940 ambierat,
483 909 570 935 instar
584 908 697 935 tonitrui
711 908 879 935 annuntians
890 908 1004 935 multum
1020 896 1030 923 Ῑ

221 954 286 983 item
299 954 438 986 sudorem.
453 955 586 987 laborem,
603 958 775 990 potestatem,
788 961 850 981 cum
862 953 889 980 in
902 953 1004 986 verbis,

222 1005 280 1028 tum
295 1000 323 1027 in
338 999 416 1028 factis
431 1000 532 1035 quibus
553 1000 726 1028 divinissima
743 1003 771 1027 et
791 998 921 1027 salutaris
938 998 1005 1026 ﬁdes

221 1046 368 1083 prmdicata
383 1045 470 1081 Signis
484 1050 566 1080 atque
582 1045 722 1073 miraculis
737 1045 772 1073 ab
786 1045 846 1081 ipso
857 1044 1006 1072 admirabi-

221 1093 284 1121 liter
300 1093 381 1121 editis
396 1092 618 1126 conﬁrmarctur,‘
640 1096 722 1127 atque
743 1088 922 1124 ditataretur;
939 1099 1005 1126 gen-

220 1138 308 1167 tilium
338 1145 403 1165 vero
428 1137 587 1173 superstitio
616 1141 643 1164 et
672 1136 763 1164 cultus
794 1135 1005 1163 simulacrorum

221 1184 396 1212 vehementer
423 1183 609 1210 inlirmarctur
639 1190 671 1210 ac
702 1182 903 1211 dissolveretur.
930 1180 1005 1214 Quas

220 1230 256 1258 ob
268 1237 312 1257 res
324 1233 458 1266 tyrannus
472 1229 600 1257 turbatus
616 1236 648 1256 ac
660 1228 753 1256 furens
767 1227 900 1262 quosdam
912 1226 1004 1254 animo

220 1275 302 1311 plane
318 1274 423 1307 ferino,
445 1274 492 1309 qui
507 1273 646 1301 Phalarim
671 1272 857 1308 Echetumque
880 1272 1002 1304 szcvitia,

221 1319 394 1347 immanitate
412 1326 444 1346 ac
455 1319 618 1346 crudelitate
637 1325 768 1354 superare
788 1317 954 1348 dicerentur,
970 1316 1004 1344 ad

221 1370 316 1403 partes
342 1365 498 1395 Occidentis
516 1365 678 1398 destinavit,
700 1364 827 1400 iniuncto
853 1363 907 1390 illis
921 1369 1005 1390 onere

220 1412 404 1448 investigandi
429 1419 461 1439 ac
485 1410 665 1447 persequendi
694 1410 778 1437 divini
803 1409 951 1445 praeconis;
976 1411 1004 1436 et

219 1457 309 1484 sicubi
329 1457 405 1484 illum
421 1457 538 1484 decretis
552 1456 634 1491 regiis
648 1454 755 1487 cedere,
778 1453 949 1482 dzemonibus
961 1452 1003 1479 in—

219 1504 323 1533 servire
338 1511 370 1531 ac
384 1502 539 1531 sacriﬁcare
554 1501 734 1537 reperissent,
759 1499 908 1527 honoribus
922 1498 1004 1526 deco-

219 1553 329 1582 rarent,
348 1550 493 1585 ipsumque
508 1548 649 1575 hominum
664 1554 766 1574 corona
782 1546 911 1581 stipatum
927 1544 960 1572 ad
973 1552 1003 1572 se

219 1595 398 1629 deducerent;
416 1595 460 1622 sin
478 1595 570 1621 minus
584 1596 700 1629 pareret,
719 1592 820 1621 ibidem
835 1591 933 1627 capitis
953 1593 1003 1619 ob-

219 1641 394 1668 truncatione
408 1640 560 1676 puniretur.

254 1687 340 1723 Igitur
364 1687 495 1720 ministri,
512 1685 613 1714 diaboli
631 1685 781 1713 saevissima
802 1683 912 1718 tyranni
934 1690 1004 1718 prae-

218 1739 298 1769 cepta
321 1733 477 1768 implentes,
501 1736 629 1768 tanquam
653 1731 718 1766 equi
747 1730 859 1766 quidam
881 1729 1002 1757 stimulis

219 1779 324 1815 agitati,
343 1779 386 1806 vel
400 1777 531 1805 famelica:
546 1777 610 1805 ferae
626 1777 661 1804 ad
675 1777 848 1804 venationem
866 1775 1001 1807 excitatae,

219 1825 246 1852 in
260 1823 391 1851 Gallicam
415 1824 554 1860 regionem
581 1827 780 1855 cucurrerunt,
791 1817 896 1856 'ibique
910 1827 1003 1856 grega-

219 1871 276 1898 rios
300 1871 434 1906 quosdam
452 1870 588 1905 simulque
611 1869 732 1905 plebeiOs
753 1868 950 1899 sollicitabant,
972 1870 1002 1894 ut

218 1917 427 1945 celeberrimum
441 1916 564 1944 divinum
581 1923 732 1951 praeconem
752 1915 934 1951 inquirerent.
949 1913 1002 1946 Qui

217 1970 286 1991 sane
301 1970 365 1990 eum
379 1962 492 1991 Parisiis
511 1970 594 1998 parvo
608 1961 748 1997 oppidulo,
762 1960 836 1996 quod
855 1959 895 1987 sic
909 1959 1002 1996 appel-

218 2010 300 2043 latur,
319 2017 381 2037 cum
408 2009 610 2045 inquirentibus
634 2012 708 2036 esset
722 2011 861 2039 ostensus,
881 2014 914 2034 co
929 2006 1000 2034 eele-

217 2056 286 2084 riter
299 2059 491 2092 properarunt;
503 2055 646 2091 ipsumque
660 2054 804 2090 caliginem
820 2062 852 2081 ac
867 2054 895 2080 in
910 2053 1002 2080 colen-

216 2102 260 2130 dis
276 2102 431 2130 simulacris
446 2109 568 2130 errorem
590 2105 618 2129 et
640 2101 785 2132 insaniam,
804 2104 860 2127 tum
877 2099 1000 2127 veritatis

217 2148 363 2182 praeconio,
375 2151 432 2174 tum
445 2147 544 2174 divina
553 2146 685 2174 doctrina:
701 2145 856 2181 splendore,
871 2152 902 2172 ac
917 2145 1000 2172 mira-

217 2193 341 2221 culorum
352 2193 484 2229 prodigiis
499 2193 697 2229 propellentem
712 2192 893 2220 oﬂ‘enderunt.
907 2190 1000 2219 Oculis

1060 265 1124 297 τούς
1137 274 1169 292 τε
1186 267 1372 302 μακροτάτους
1388 267 1434 294 καὶ
1452 267 1659 302 χαλεπωτάτους
1669 266 1716 294 τοῦ
1725 277 1756 295 τε
1770 268 1835 305 πρώ-

1059 317 1107 335 του
1122 309 1241 345 διωγμοῦ
1250 309 1372 343 διαύλους
1380 311 1557 347 διαπεράσας,
1574 311 1621 344 οὓς
1635 312 1652 339 ὀ
1667 313 1772 349 πρῶτος
1784 313 1834 341 τῶν

1059 352 1189 387 διωκτῶν,
1207 355 1252 382 καὶ
1266 355 1375 383 πάντων
1391 357 1518 389 κάκιστος
1539 357 1594 385 τῶν
1610 357 1720 385 nimim-2
1734 358 1834 394 βεϐασι-

1059 398 1205 432 λευκότων,
1220 400 1268 428 καὶ
1278 400 1457 437 βεόηλότατος
1471 402 1567 440 Νέρων
1580 403 1651 431 κατὰ
1661 404 1709 432 τοῦ
1722 405 1834 441 Χριστινι

1060 443 1144 480 νὺμου
1161 445 1344 482 πληρώματος
1365 447 1503 484 διήγειρε,
1523 447 1570 475 καὶ
1593 449 1657 481 τοὺς
1679 450 1835 486 κορυφαίους

1058 489 1113 517 τῶν
1127 491 1247 527 Χριστοῦ
1259 492 1388 528 μαθητῶν
1401 493 1500 521 ἀνεῖλε.
1514 493 1584 527 Τοὺς
1601 494 1625 522 δ’
1648 492 1682 522 αὖ
1695 496 1834 532 μετέπειτα

1058 536 1204 572 χειμῶνας,
1221 537 1268 570 οὓς
1283 539 1475 575 ἠΔομετιανοῦ
1490 541 1573 576 μανία
1587 541 1657 568 κατὰ
1671 542 1725 569 τῶν
1740 544 1835 570 πιστῶν

1058 583 1208 619 ἐπήγαγεν,
1224 584 1354 621 ἀνδρείως
1370 586 1529 622 ὑπομείνας,
1547 587 1592 614 καὶ
1608 587 1718 623 δόκιμος
1729 590 1757 615 ὲν
1772 591 1835 616 πᾶσι

1058 630 1152 664 φανεὶς
1163 650 1170 663 ,
1194 630 1336 668 διαϐόητον
1356 633 1530 668 ἀπηνέγκατο
1546 634 1640 666 κλέος·
1665 635 1726 662 ὅθεν
1742 636 1759 671 ἡ
1774 636 1835 663 ὑπό-

1057 685 1157 713 πτερος
1179 678 1256 714 φήμη
1267 698 1275 711 ,
1297 679 1450 715 πανταχόσε
1466 679 1581 713 θέουσα,
1597 681 1648 716 τὴν
1664 682 1835 717 πανεύφημον

1056 722 1137 749 αὑτοῦ
1161 723 1347 761 προσηγορίαν
1362 726 1422 756 ταῖς
1438 723 1486 752 τοῦ
1508 725 1644 761 Τραϊανοῦ
1659 728 1836 763 τραχυτάταις

1056 769 1151 801 ἀκοαῖς
1167 770 1284 805 ὲνήχησε
1294 790 1301 804 ,
1326 770 1468 806 βροντηδδν
1484 771 1685 806 ἀναγγέλλουσα
1707 773 1754 800 τὸν
1773 775 1836 801 ἀπο-

1056 815 1176 842 στολικδν
1191 816 1220 843 ὃν
1236 817 1379 852 ἁπανταχῆ
1395 818 1489 854 μετῄει
1500 820 1649 856 πτερόεντα
1664 820 1778 856 δρόμον,
1793 823 1837 848 καὶ

1055 861 1102 888 τὸν
1113 861 1197 889 πολὺν
1213 862 1314 898 ίδρῶτα
1325 882 1333 895 ,
1352 863 1398 890 καὶ
1417 864 1514 900 μόχθον
1526 885 1533 897 ,
1551 865 1597 892 καὶ
1610 865 1661 900 τὴν
1677 867 1706 893 ἐν
1722 866 1793 903 ἔργῳ
1807 876 1836 894 τε

1055 908 1102 934 καὶ
1118 908 1190 944 λόγῳ
1205 908 1337 944 δύναμιν,
1355 909 1388 936 δι’
1409 906 1447 937 ὧν
1466 911 1483 946 ἡ
1509 911 1696 948 κηρυττομένη
1713 912 1837 950 θειοτάτη

1056 953 1103 980 καὶ
1118 954 1252 990 σωτήριος
1266 954 1358 986 πίστις
1374 955 1497 991 σημείοις
1512 957 1559 983 καὶ
1570 956 1681 994 τέρασιν
1698 958 1743 984 ὑπ’
1757 959 1837 986 αὑτοῦ

1055 998 1214 1035 ¹ιιῖαραδόξως
1237 1000 1441 1037 ὲνεργουμένοις
1464 1001 1621 1029 ἐΰεϐαιοῦτο
1647 1003 1694 1030 καὶ
1723 1004 1838 1032 ἐπλατύ-

1055 1052 1131 1077 νετο,
1147 1044 1194 1071 καὶ
1205 1044 1242 1076 ὡς
1254 1046 1272 1081 ἡ
1290 1045 1346 1072 τῶν
1361 1045 1493 1082 Ἑλλήνων
1507 1047 1700 1084 δεισιδαιμονία
1711 1069 1718 1082 ,
1733 1050 1780 1077 καὶ
1800 1052 1839 1077 si-

1055 1089 1155 1126 δωλικὴ
1179 1089 1312 1127 θρησκεία
1333 1091 1404 1118 κατὰ
1440 1093 1541 1128 κράτος
1570 1094 1758 1130 ὲστηλιτεύετο
1795 1097 1840 1123 καὶ

1055 1135 1210 1163 κατελύετο.
1229 1136 1288 1172 Ἐφ’
1299 1133 1341 1168 οἷς
1355 1137 1426 1172 ἄγαν
1443 1139 1592 1175 ταραχθεὶς
1607 1142 1622 1167 ό
1637 1140 1777 1177 λυσσώδης
1792 1142 1839 1169 τύ-

1056 1190 1160 1218 ραννος,
1172 1182 1314 1218 θηριώδεις
1330 1183 1405 1216 τινὰς
1419 1184 1469 1220 τὴν
1484 1185 1607 1221 γνώμην,
1618 1186 1736 1223 Φάλαρίν
1749 1196 1780 1214 τε
1794 1189 1840 1215 καὶ

1055 1228 1168 1264 Ἔχετον
1177 1228 1241 1260 τοὺς
1253 1228 1299 1254 ἐπὶ
1310 1228 1342 1265 θη
1346 1229 1442 1266 ριωδίᾳ
1456 1230 1503 1257 καὶ
1522 1231 1694 1268 άσπλαγχνία
1709 1232 1755 1259 καὶ
1768 1232 1842 1267 ὠμό-

1053 1282 1115 1309 τητι
1141 1273 1293 1310 βοωμένους
1317 1275 1528 1312 ὑπεραίροντας,
1552 1276 1707 1313 ἐξέπεμψεν
1731 1279 1761 1305 ὲν
1785 1281 1842 1311 τοῖς

1054 1319 1124 1355 πρὸς
1138 1319 1214 1354 ἥλιον
1225 1319 1340 1346 δύνοντα
1355 1319 1467 1355 μέρεσιν
1479 1321 1633 1356 ίχνηλατεϊν
1646 1321 1694 1348 καὶ
1710 1322 1842 1348 καταδιώ-

1054 1374 1112 1392 κειν
1136 1365 1182 1393 τὸν
1197 1366 1366 1404 θεοκήρυκα,
1384 1367 1430 1394 καὶ
1452 1366 1480 1393 εί
1493 1375 1544 1394 που
1560 1366 1657 1394 τοῦτον
1672 1366 1786 1403 εὕροιεν,
1803 1368 1843 1394 εἷ-

1053 1420 1136 1438 κοντα
1159 1412 1207 1448 μὲν
1222 1414 1280 1444 τοῖς
1303 1412 1454 1448 βασιλικοῖς
1472 1411 1605 1448 δόγμασι,
1628 1412 1676 1439 καὶ
1699 1412 1844 1449 λατρεύειν

1052 1460 1109 1490 τοῖς
1124 1458 1243 1494 δαίμοσι,
1262 1459 1308 1486 καὶ
1324 1458 1398 1485 θύειν
1411 1458 1585 1494 ἀνεχόμενον,
1605 1460 1700 1494 τιμαῖς
1722 1468 1842 1494 καταγε-

1054 1504 1176 1540 ραίρειν,
1195 1504 1241 1531 καὶ
1263 1505 1302 1537 ὡς
1323 1505 1404 1532 αὐτὸν
1425 1504 1658 1541 δορυφορούμενον
1673 1505 1804 1539 ἀνάγειν,
1825 1506 1843 1541 ἦ

1016 1568 1037 1597 C
1055 1550 1092 1586 μὴ
1114 1551 1273 1586 πειθόμενον
1296 1551 1387 1578 αὐτόθι
1411 1552 1445 1586 τῇ
1467 1550 1516 1577 τοῦ
1543 1551 1636 1586 ξίφους
1662 1552 1843 1588 τιμωρεῖσθαι

1052 1598 1132 1632 τομῇ.

1089 1691 1151 1723 Τοῖς
1167 1688 1213 1718 οὖν
1228 1692 1399 1727 τυραννικοῖς
1415 1691 1440 1718 οἱ
1463 1691 1510 1718 τοῦ
1528 1690 1651 1718 διαϐόλου
1673 1691 1846 1728 θεράποντες

1053 1737 1216 1770 ἀθεωτάτοις
1231 1737 1463 1774 παροτρυνθὲντες
1470 1737 1686 1773 προστάγμασιν,
1694 1735 1750 1764 οἷον
1759 1737 1845 1763 ἵπποι

1051 1784 1123 1815 τινὲς
1138 1783 1402 1819 οἰστρηλατούμενοι,
1420 1783 1437 1818 ἢ
1455 1783 1589 1810 πειναλέοι
1614 1783 1696 1819 θῆρες
1721 1784 1770 1811 ἐπὶ
1793 1784 1846 1820 ϐή-

1054 1839 1101 1866 ραν
1118 1830 1298 1865 ἐπειγόμενοι,
1315 1829 1385 1857 κατὰ
1407 1829 1457 1866 τὴν
1479 1829 1612 1866 Γαλλικὴν
1637 1830 1711 1857 ἔθεον
1735 1830 1846 1866 χώραν,

1052 1875 1178 1902 κάκεῖθεν
1211 1875 1453 1911 ὀχλαγωγήσαντες
1475 1875 1622 1910 ἀγελαίους
1640 1875 1715 1908 τινὰς
1731 1877 1780 1903 καὶ
1796 1877 1848 1912 δη-

1053 1922 1130 1957 μίους
1146 1921 1386 1957 ἆμα,κατεξήτουν
1401 1922 1447 1948 τὸν
1463 1921 1711 1957 παναοιδιμώτατον
1727 1922 1849 1957 θεοφὰν-

1050 1976 1127 2002 τορα.
1145 1967 1199 1993 Καὶ
1220 1967 1251 2002 δὴ
1275 1967 1511 2003 καταμηνυθέντος
1526 1968 1609 1994 αὑτοῦ
1632 1969 1690 2000 τοῖς
1711 1967 1850 2000 διώκταις

1051 2014 1181 2050 ὑπάρχειν
1189 2015 1217 2040 ὲν
1224 2013 1361 2049 Παρισίοις
1375 2014 1499 2051 (πολίχνῃ
1510 2014 1581 2041 οὕτω
1592 2014 1770 2050 καλουμένῃ),
1781 2014 1851 2050 δρο-

1053 2058 1139 2094 μαίως
1164 2059 1367 2090 εἰσελάσαντες,
1386 2060 1474 2086 ἐκεῖσε
1498 2059 1645 2086 κατέλαϐον
1669 2059 1753 2086 αὑτὸν
1778 2061 1852 2086 ἀπε-

1051 2105 1181 2131 λαύνοντα
1188 2105 1233 2132 τόν
1240 2113 1270 2131 τε
1277 2105 1326 2139 τῆς
1335 2104 1527 2140 είδωλομανίας
1536 2104 1635 2131 πλάνον
1644 2105 1690 2131 καὶ
1703 2105 1790 2138 ζόφον
1808 2105 1853 2140 τῷ

1050 2160 1081 2178 τε
1088 2151 1137 2187 τῆς
1145 2151 1272 2186 ἀληθείας
1280 2151 1447 2187 κηρύγματι,
1459 2151 1505 2178 καὶ
1515 2150 1554 2186 τῷ
1567 2151 1617 2186 τῆς
1628 2150 1703 2182 θείας
1711 2150 1852 2177 διδασκα-

1050 2197 1108 2229 λίας
1120 2197 1311 2232 διαυγὰσματι,
1320 2197 1366 2223 καὶ
1375 2198 1430 2228 τοῖς
1438 2197 1492 2222 τῶν
1502 2196 1647 2231 θαυμάτων
1656 2197 1854 2232 τερατουργή-

216 2239 290 2266 enim
304 2246 437 2267 caecorum
458 2239 505 2266 lur
528 2239 735 2270 rcstituebatur,
752 2239 897 2266 surdorum
917 2245 998 2265 aures

1055 2251 1142 2278 μασιν.
1160 2242 1307 2278 Ὀφθαλμοὶ
1317 2242 1370 2278 γὰρ
1381 2241 1487 2276 τυφλῶν
1495 2241 1652 2278 ἀνέϐλεπον,
1662 2242 1708 2268 καὶ
1715 2238 1776 2268 ὦτα
1789 2251 1853 2268 κω-

217 2285 420 2320 aperiebantur,
438 2286 537 2321 lingua:
551 2289 689 2313 mutorum
709 2285 895 2315 solvebantur,
910 2285 1001 2311 inces-

218 2339 266 2358 sus
289 2331 450 2359 claudorum
477 2332 755 2368 constringebantur,
780 2331 865 2359 variis
897 2330 1000 2357 morbis

216 2377 353 2410 obstricti,
369 2377 512 2412 implorato
535 2377 690 2406 Servatoris
708 2378 904 2413 omnipotentis
923 2377 1000 2404 auxi-

218 2422 266 2455 lio,
280 2430 330 2458 per
343 2423 509 2451 admiranda:
521 2425 676 2452 sanctitatis
689 2424 749 2459 ejus
764 2424 918 2451 ministrum
931 2423 999 2450 mira

217 2467 383 2501 facientem,
402 2476 436 2496 ae
459 2469 486 2496 in
508 2470 631 2497 tenebris
655 2469 818 2506 ignorantiae
839 2468 946 2504 positos
965 2467 999 2494 ad

216 2513 383 2549 cognitionis
404 2518 432 2542 et
454 2515 552 2543 salutis
574 2516 664 2543 lucem
690 2515 882 2547 adducentem,
900 2515 1000 2542 libera-

217 2560 329 2588 bantur.
345 2561 456 2590 Interim
476 2562 550 2589 enim
573 2561 693 2589 tidelium
715 2561 863 2588 multitudo
880 2560 999 2596 augeba-

216 2610 272 2639 tur,
297 2605 406 2642 Deoque
425 2615 472 2643 per
493 2607 619 2639 Galliam,
637 2614 669 2634 ac
691 2605 865 2634 Germaniam
886 2605 998 2642 provin—

214 2652 285 2679 ciam
298 2652 443 2680 maximam
455 2652 556 2686 tenipla
569 2651 774 2683 excitabantur;
792 2658 921 2678 numerus
935 2658 999 2678 vero

215 2697 469 2732 superstitiosorum
499 2697 695 2728 decrescebat,
732 2701 758 2723 et
788 2696 997 2723 simulacrorum

216 2742 301 2778 386
315 2744 417 2778 templa
443 2743 634 2775 diruebantur,
654 2742 794 2777 Belialque
812 2742 899 2770 hostis
921 2746 998 2777 pote-

214 2793 272 2816 stas
289 2792 316 2815 et
333 2789 409 2816 fraus
430 2789 671 2821 conculcabantur,
689 2789 767 2824 isque
784 2789 811 2816 in
827 2789 995 2824 triumphum

213 2834 374 2862 ducebatur.
391 2835 574 2868 Quamobrem
590 2836 674 2863 miser
694 2844 748 2863 non
774 2836 864 2863 ferens
882 2843 996 2863 cernere

213 2880 399 2922 suamipsius
413 2881 699 2925 poteptia‘m'dissolvi,
719 2883 891 2926 obedientes_
901 2886 927 2911 et
944 2883 1017 2928 mi}-

1051 2287 1108 2322 φῶν
1116 2286 1263 2322 ἠνοίγοντο,
1273 2287 1319 2314 καὶ
1327 2286 1447 2321 γλῶσσαι
1453 2285 1606 2322 μογιλάλων
1614 2285 1788 2321 ὲτρανοῦντο,
1800 2287 1856 2314 καὶ

1051 2333 1143 2368 βάσεις
1151 2333 1244 2368 χωλῶν
1252 2333 1472 2367 συνεσφίγγοντο,
1481 2331 1528 2358 καὶ
1541 2332 1670 2359 ποικίλων
1679 2340 1744 2368 νοετη
1749 2333 1856 2367 μάτων

1050 2378 1225 2410 ἀσθενοῦντες
1232 2378 1436 2414 ἠλευθεροῦντο,
1444 2381 1477 2415 τῇ
1485 2379 1532 2405 τοῦ
1543 2378 1744 2413 παντοδυνάμου
1753 2378 1859 2414 Σωτῆ-

1052 2433 1096 2460 ρος
1113 2424 1265 2460 ὲπικλήσει,
1281 2424 1325 2450 διὰ
1333 2424 1379 2450 τοῦ
1388 2424 1611 2460 θαυμασιωτάτου
1622 2424 1792 2459 θεράποντος
1800 2425 1859 2451 αὺ-

1049 2471 1096 2498 τοῦ
1108 2470 1391 2507 παραδοξοποιοῦντος,
1403 2471 1521 2505 καιτοὺς
1531 2471 1560 2497 ὲν
1568 2470 1659 2496 σκότει
1668 2469 1720 2504 τῆς
1729 2469 1859 2503 ἀγνοίας

1050 2516 1463 2552 καθημένουςπροσκαλουμένου
1486 2516 1555 2552 πρὸς
1575 2515 1607 2542 τὺ
1631 2515 1688 2550 φῶς
1702 2515 1755 2549 τῆς
1773 2515 1860 2549 γνώ-

1051 2571 1119 2594 σεως
1150 2562 1197 2588 καὶ
1214 2561 1366 2597 σωτηρίας·
1385 2563 1430 2589 ὲπὶ
1455 2562 1559 2593 τούτοις
1581 2561 1635 2597 γὰρ
1658 2561 1713 2588 τῶν
1735 2562 1859 2588 πιστῶν

1050 2610 1067 2644 ὴ
1084 2608 1189 2643 πληθὺς
1205 2607 1345 2643 ηὐξάνετο,
1363 2608 1409 2634 καὶ
1425 2608 1484 2635 ναοὶ
1500 2607 1609 2643 τῷΘεῷ
1625 2607 1696 2634 κατὰ
1712 2607 1859 2639 Γαλλίαν,

1037 2652 1096 2679 “καὶ
1111 2653 1275 2688 Γερμανίαν,
1292 2653 1341 2688 τὴν
1368 2653 1500 2689 μεγίστην
1516 2651 1660 2688 ἐπαρχίαν,
1678 2653 1836 2689 ἠγείροντο
1846 2661 1855 2668 ·

1048 2699 1062 2725 ὸ
1078 2698 1105 2725 δὲ
1120 2698 1176 2725 τῶν
1191 2698 1393 2734 δεισιδαιμόνων
1409 2698 1525 2734 ἀριθμὸς
1546 2698 1704 2733 ἠλαττοῦτο,
1722 2698 1774 2725 καὶ
1792 2699 1860 2725 τῶν

1048 2744 1164 2771 εἰδώλων
1178 2745 1202 2770 οἱ
1213 2744 1291 2780 σηκοὶ
1304 2745 1541 2781 κατερῤιπτοῦντο,
1550 2744 1617 2780 καὶὴ
1625 2744 1673 2771 τοῦ
1683 2744 1789 2780 Βελίαρ
1800 2744 1859 2771 τοῦ

1047 2790 1196 2826 δυσμενοῦς
1220 2790 1363 2817 δυναστεία
1394 2791 1440 2818 καὶ
1470 2791 1560 2826 ἀπάτη
1584 2792 1772 2817 κατεπατεῖτο
1802 2791 1861 2818 καὶ

1048 2835 1253 2871 ὲθριαμΰεύετο.
1263 2836 1323 2862 Δι’ὂ
1333 2836 1370 2872 μὴ
1383 2837 1473 2872 φέρων
1492 2836 1695 2872 καταλυομένην
1708 2837 1783 2872 ὸρᾷν
1801 2837 1862 2873 τὴν

1048 2883 1142 2910 ἑαυτοῦ
1150 2882 1263 2918 δύναμιν
1272 2883 1285 2910 ὁ
1292 2882 1414 2915 δείλαιος,
1424 2883 1484 2915 τοὺς
1492 2882 1677 2915 ὑπηκόουςααὶ
1686 2883 1863 2918 ὗπουργοὺς
