1950 3065
121 142 170 170 661

585 139 677 173 νιτΑ,
696 139 860 169 AUCTORE
877 139 1054 168 MlCHAELE
1071 139 1236 169 SYNGELO.

1682 139 1735 168 ὅθί

118 200 189 229 κατὰ
205 199 252 227 τοῦ
269 198 345 233 ἁγίου
366 197 414 225 τοῦ
435 197 629 234 καθαιροῦντος
655 197 737 225 αὑτοῦ
756 198 807 233 τὴν
825 197 901 230 ὲξου-

954 198 1056 227 nistros
1074 202 1170 226 contra
1183 198 1272 225 virum
1288 193 1414 226 sanctum
1425 197 1554 232 potentiae
1566 197 1640 225 illius
1657 197 1736 224 invu-

118 247 191 279 σξαν,
207 246 253 273 καὶ
271 245 321 281 τὴν
345 244 474 281 αἰσχύνην
495 243 790 280 παραδειγματίζοντος
806 244 901 280 ἐξέμη-

116 302 179 324 νεψ
190 293 298 325 οἵτινες,
317 292 398 321 αὑτὸν
415 292 543 328 ὲμμανῶς
561 292 736 325 συλλαϐόντες
753 293 803 320 σὺν
824 293 900 320 Ῥου-

118 340 203 375 στίκῳ
218 339 265 366 καὶ
278 337 447 374 Ἐλευθερίῳ,
464 340 521 371 τοῖς
537 338 727 373 εὐαγεστάτοις
741 338 824 366 αὐτοῦ
841 347 901 374 φοι-

117 388 213 422 τηταῖς
229 385 275 413 καὶ
291 386 485 421 πνευματικοῖς
502 386 586 412 υἱέσιν
603 381 651 420 (ὧν
666 386 712 413 τὸν
729 385 777 421 μὲν
794 387 902 421 ἱερουρ-

119 433 176 468 γὺν,
193 433 244 460 τὸν
253 432 282 459 δὲ
297 431 453 467 λειτουργὸν
476 431 641 468 καθιέρωσεν
651 441 658 448 ³
672 431 755 468 ἄμφω
770 431 825 468 γὰρ
840 440 902 459 συν-

119 478 304 516 ηγωνιζέσθην
328 478 375 505 καὶ
400 477 594 514 συνετρεχέτην
617 477 658 514 τῷ
677 477 769 513 οἰκείῳ
785 477 902 513 καθηγε-

122 526 181 561 μόνι
198 525 245 552 καὶ
261 524 434 560 φωταγωγῷ,
449 524 573 561 καθάπερ
582 525 681 560 Παύλῳ
695 523 735 560 τῷ
749 524 800 559 τῆς
814 524 902 550 οἰκου-

122 571 205 607 μένης
221 571 344 607 φωστῆρι
360 570 492 602 Συλυανὺς
519 571 565 597 καὶ
580 570 732 606 Τιμόθεος),
757 570 804 598 καὶ
823 569 903 597 καθε-

121 615 229 648 σθέντες
251 616 297 643 ἐπὶ
319 615 472 652 τυραννικῷ
496 616 608 653 βήματι,
633 616 818 652 ἐμϐλέψαντες
839 616 903 652 δρα-

121 662 232 704 κοντείῳ
250 661 392 697 βλέμματι,
411 661 457 688 καὶ
481 661 607 697 λεοντείῳ
629 662 785 698 βρυχήματι
807 670 905 697 κεκρα-

120 708 213 741 γότες,
231 707 328 742 ήροντο
350 706 489 740 λέγοντες·
517 715 526 732 ε
540 704 576 732 Ὦ
597 705 711 741 δύστηνε
734 706 845 741 γεραιὲ,
869 706 902 732 σὺ

119 753 264 788 τυγχάνεις
287 752 324 779 ὢν
340 753 354 778 ὸ
374 752 428 779 τῶν
454 752 523 779 θεῶν
545 752 625 788 ἡμῶν
646 752 677 779 τὸ
701 751 781 783 σέϐας
803 752 904 785 ἀπαγο-

123 799 218 834 ρεύων,
239 799 285 825 καὶ
306 799 370 830 τοὺς
390 798 471 830 λαοὺς
489 800 591 834 μαγικῇ
614 798 706 833 τέχνῃ,
723 797 769 824 καὶ
791 797 904 832 εὐγλωτ-

119 844 176 879 τία,
201 843 367 879 γοητεύμασί
389 852 420 870 τε
442 844 543 870 πείθων
575 843 612 880 μὴ
636 843 777 879 λατρεύειν
801 844 902 876 αὐτοῖς,

109 889 168 926 aut
190 890 246 920 τοῖς
269 889 408 924 ἀνικήτοις
425 888 593 916 ἀντιπίπτων
610 888 763 923 βασιλεῦσι,
785 888 832 915 καὶ
854 889 904 924 τὴν

119 935 175 963 τῶν
199 934 339 969 δογμάτων
365 934 454 961 αὐτῶν
484 934 560 970 ἰσχὺν
588 933 823 969 ἁποὸαλλόμενος;
846 935 904 962 Τίνι

121 980 233 1008 σεαυτὸν
250 981 389 1016 ὲπιγράφῃ
405 980 451 1007 κα)⁴
468 980 549 1012 ποίας
565 979 713 1015 θρησκείας
729 977 763 1012 εῐ,
781 979 835 1009 καὶ
843 979 906 1007 τινα.

121 1026 265 1062 κηρύττεις
282 1026 358 1058 θεόν;
372 1036 380 1052 ι
406 1026 434 1053 '0
449 1026 489 1058 δὲ,
506 1026 567 1055 κατ’
581 1026 656 1054 οὐδὲν
672 1025 762 1057 δείσας
786 1026 836 1060 τὴν
860 1026 906 1055 αύ-

119 1072 173 1098 τῶν
190 1071 362 1107 θρασυτάτην
378 1071 523 1103 ἀπόνοιαν,
542 1070 682 1106 εὐθαρσῶς
706 1070 765 1100 λίαν
789 1071 906 1107 ἀντέφη-

121 1126 182 1143 σεν·
195 1126 204 1142 ι
222 1116 292 1152 Ἐγώ
304 1118 360 1152 εἰμι
377 1118 390 1144 ὁ
405 1117 456 1152 τῆς
472 1117 554 1153 ὑμῶν,
564 1117 660 1151 ἀθεῖας
668 1117 841 1153 καθαιρέτης,
860 1118 905 1147 καὶ

119 1163 170 1200 τῆς
186 1163 326 1199 είδωλικῆς
344 1163 531 1199 μυσαρότητος
556 1163 719 1200 καταλυτὴς,
744 1163 790 1190 καὶ
815 1163 905 1201 πάσης

125 1208 283 1244 Ἑλληνικῆς
300 1209 402 1244 πλάνης
419 1208 601 1245 στηλιτευτὴς,
612 1210 645 1245 τῇ
661 1209 708 1235 τοῦ
725 1208 843 1245 Χριστοῦ
858 1209 905 1235 τοῦ

121 1254 282 1290 μονογενοῦς
299 1254 363 1281 1⁵ἱοῦ
388 1253 436 1284 τοῦ
461 1253 528 1281 Θεοῦ
553 1254 665 1289 δυνάμει
682 1254 867 1291 καθεστηκὼς,
883 1251 906 1289 ᾧ

120 1300 167 1328 καὶ
184 1299 300 1335 ἐμαυτὸν
316 1300 436 1335 ἀνέθηκα
452 1299 553 1332 δοῦλον,
569 1296 591 1334 ᾧ
608 1300 653 1326 καὶ
668 1300 792 1336 λατρεύω
816 1302 845 1327 ἐν
867 1300 906 1337 τῷ

119 1346 256 1381 πνεύματί
281 1354 343 1382 μου,
360 1346 399 1381 τῷ
417 1346 469 1382 πρὸ
486 1346 594 1375 πάντων
612 1347 661 1382 μὲν
683 1347 737 1373 τῶν
753 1346 858 1374 αἰώνων
874 1349 906 1374 εκ

120 1392 228 1427 Πατρδς
251 1391 409 1427 γεννηθέντι
431 1391 544 1424 ἀπαθῶς
568 1392 615 1418 καὶ
625 1392 756 1428 άχρόνως,
774 1392 820 1419 ἐπὶ
836 1392 906 1419 τέλει

119 1439 152 1470 δὲ,
162 1439 216 1465 τῶν
232 1438 338 1466 αἰώνων
355 1440 387 1465 ἐκ
399 1439 536 1474 Παρθένου
552 1438 662 1474 Μαρίας
677 1438 739 1466 άνευ
757 1440 860 1475 σπορᾶς
875 1447 905 1465 τε

119 1485 166 1512 καὶ
183 1485 285 1521 φθορᾶς
303 1484 473 1520 σαρκωθέντι
501 1485 548 1511 καὶ
564 1484 696 1520 τεχθέντι,
715 1485 784 1512 κατὰ
805 1485 904 1517 πάντα,

951 251 1053 276 sarem,
1068 247 1096 271 et
1111 243 1254 271 dedecoris
1271 243 1389 271 indicem
1404 242 1528 277 impulit;
1543 242 1589 277 qui
1610 241 1735 269 furibun-

951 288 979 316 di
1002 296 1065 316 cum
1085 288 1176 324 ipsum
1196 288 1467 324 comprehendissent
1488 295 1550 315 cum
1571 285 1685 314 Rustico
1709 289 1737 313 et

950 334 1111 363 Eleutherio
1136 334 1320 363 sanctissimis
1343 334 1404 370 ejus
1432 333 1593 369 discipulis,
1619 332 1737 368 ﬁliisque

951 381 1050 417 spiritu
1072 380 1125 409 sibi
1147 380 1320 416 conjunctis,
1334 387 1451 416 quorum
1473 379 1549 406 illum
1567 379 1676 414 quidem
1692 387 1737 406 sa-

951 427 1087 461 criﬁcum,
1100 427 1175 455 hunc
1191 435 1256 455 vero
1269 434 1410 456 sacrarunt
1421 425 1576 453 ministrum
1591 432 1738 453 consecra-

951 478 1005 507 rat.
1018 474 1051 502 ad
1062 474 1170 510 tyranni
1186 473 1309 502 tribunal
1322 473 1436 500 sistunt.
1455 471 1544 499 Simul
1558 472 1641 500 etiam
1657 473 1737 499 ambo

952 520 1138 551 decertabant.
1152 526 1184 547 ac
1196 518 1317 547 ductoris
1333 521 1360 545 et
1378 517 1554 552 praeceptoris
1575 518 1628 549 sui,
1641 525 1738 552 quem-

952 566 1099 594 admodum
1114 566 1196 594 etiam
1211 564 1290 593 Pauli
1304 565 1380 593 orbis
1402 568 1483 592 terrae
1506 564 1618 591 luminis
1643 563 1739 600 Sylva-

952 621 1005 641 nus
1013 617 1039 641 et
1049 612 1222 645 Timotheus,
1238 611 1398 639 certaminis
1412 615 1440 639 et
1452 618 1551 639 cursus
1570 610 1637 638 socii
1648 615 1736 638 erant.

953 658 986 686 Et
1017 658 1161 693 tyrannica
1183 657 1316 685 tribunali
1344 656 1507 690 insidentes,
1529 656 1580 684 hos
1605 661 1683 684 torvo
1706 663 1739 683 ae

953 704 1081 735 draconis
1106 707 1218 739 aspectu
1239 702 1378 731 intuentes
1400 701 1488 729 leonis
1508 701 1597 736 rugitu
1619 700 1737 727 interro-

953 752 1066 788 gabant,
1082 751 1223 778 dicentes:
1239 758 1248 774 ι
1261 749 1282 777 0
1298 748 1437 784 despicate
1454 754 1548 779 senex,
1563 751 1630 774 tune
1642 753 1672 774 es
1681 745 1737 777 ille,

954 798 1003 834 qui
1020 797 1124 825 cultum
1139 796 1253 824 deorum
1276 799 1436 822 nostrorum
1463 798 1551 825 vetas,
1567 792 1741 828 populusque

955 846 1015 870 arte
1027 842 1145 877 magica,
1159 844 1186 868 et
1200 839 1309 868 dicendi
1325 839 1452 871 artilicio,
1465 847 1497 867 ac
1511 837 1742 874 praestigiiscon-

919 877 940 905 Β
955 886 1033 919 ﬁsus,
1054 886 1116 913 ilics
1130 884 1266 915 venerari,
1283 888 1310 912 et
1333 884 1442 913 invictis
1459 891 1556 920 parere
1571 883 1681 919 regibus
1695 890 1740 910 re-

955 932 1041 965 sistis,
1054 932 1162 967 vimque
1177 930 1367 957 mandatorum
1383 930 1492 960 illorum
1506 929 1615 964 rejicis?
1625 928 1741 957 Cuinam

955 981 1045 1009 temet.
1062 978 1210 1008 addixisti?
1230 978 1284 1008 Aut
1306 985 1360 1012 qua
1383 977 1515 1012 religione
1533 976 1682 1003 obstrictus
1698 983 1739 1007 es,

955 1031 982 1054 et
996 1033 1075 1061 quem
1088 1025 1168 1053 deum
1188 1023 1340 1059 praedicas?
1353 1022 1419 1050 illle
1436 1029 1511 1054 vero,
1529 1021 1741 1049 audacissimam

956 1071 1065 1099 illorum
1088 1069 1288 1098 contumaciam
1311 1068 1379 1096 nihil
1398 1068 1513 1100 veritus,
1530 1067 1651 1095 animose
1665 1066 1742 1095 valde

956 1117 1098 1153 respondit
1114 1126 1121 1144 :
1139 1125 1148 1142 ι
1159 1115 1264 1144 Vestrae
1286 1123 1336 1150 ego
1357 1113 1508 1150 impietatis
1530 1116 1654 1141 vastator
1667 1120 1740 1146 sum,

955 1164 1123 1201 impuritatis
1137 1164 1348 1192 simulacrorum
1360 1170 1484 1195 eversor,
1502 1170 1534 1190 ac
1545 1162 1635 1190 omnis
1652 1162 1742 1198 genti-

956 1211 1021 1238 lium
1042 1210 1148 1237 erroris
1166 1209 1338 1239 dill‘amator;
1353 1208 1481 1243 potentia:
1491 1207 1596 1235 Christi
1610 1206 1743 1242 unigeniti

956 1256 1005 1284 Dei
1019 1256 1081 1284 Filii
1103 1256 1240 1288 addictus,
1255 1255 1299 1282 cui
1318 1254 1453 1289 meipsum
1474 1261 1582 1282 servum
1598 1253 1741 1286 constitui,

957 1303 1000 1330 cui
1018 1302 1101 1330 etiam
1118 1302 1208 1329 servio
1230 1302 1259 1328 in
1280 1301 1379 1336 spiritu
1403 1308 1474 1332 meo,
1491 1300 1538 1335 qui
1554 1303 1618 1327 ante
1632 1299 1743 1335 quidem

956 1349 1047 1375 omnia
1074 1348 1173 1376 saecula
1195 1347 1256 1375 sine
1276 1346 1431 1379 all‘ectione,
1452 1349 1480 1374 et
1500 1349 1577 1374 extra
1599 1349 1707 1380 tempus
1727 1353 1744 1372 a

956 1393 1037 1422 Patre
1063 1394 1172 1429 genitus
1200 1393 1263 1425 fuit,
1282 1394 1311 1420 in
1338 1393 1392 1420 ﬁne
1412 1396 1505 1420 autem
1527 1392 1689 1420 saeculorum
1709 1399 1743 1419 ex

957 1439 1042 1466 Maria
1056 1439 1172 1475 virgine,
1191 1439 1252 1467 sine
1273 1438 1377 1466 semine
1396 1446 1427 1465 ac
1441 1437 1618 1472 corruptione
1633 1445 1743 1465 carnem

957 1487 1116 1521 assumpsit,
1130 1491 1158 1514 et
1173 1486 1201 1514 in
1217 1487 1306 1514 lucem
1322 1485 1423 1517 editus,
1439 1485 1468 1512 in
1486 1485 1626 1518 omnibus,
1643 1488 1743 1520 praeter

119 1530 188 1568 πλὴν
205 1530 254 1565 τῆς
272 1530 417 1566 ἁμαρτίας,
430 1528 517 1565 βροτῷ
527 1529 587 1556 καθ’
599 1530 671 1564 ἡμᾶς
689 1530 903 1565 χρηματίσαντι,

957 1539 1111 1569 peccatum,
1128 1534 1238 1561 mortali
1256 1534 1361 1561 homini
1385 1535 1426 1570 (nt
1445 1541 1497 1561 nos
1516 1532 1622 1567 sumus)
1644 1531 1743 1560 similis

119 1575 166 1602 καὶ
182 1575 214 1601 δι’
231 1574 331 1600 οἰκείου
348 1573 466 1610 σταυροῦ
484 1574 529 1600 καὶ
546 1573 662 1601 θανάτου
694 1573 725 1600 τὸ
740 1575 841 1609 κράτος
856 1574 904 1601 τοῦ

117 1622 241 1650 διαϐόλου
258 1624 473 1658 καταργήσαντι,
492 1622 538 1649 καὶ
554 1621 600 1648 τὸν
626 1621 740 1649 θάνατον
756 1621 907 1658 νεκρώσαν-

117 1677 156 1700 τι,
173 1669 219 1695 καὶ
237 1668 331 1704 μέχρις
348 1668 410 1703 ᾅδου
427 1667 474 1694 τοῦ
492 1667 649 1703 δυσείμονΟς
673 1667 841 1699 κατελθόντι,
860 1667 905 1694 καὶ

117 1714 149 1743 τὸ
165 1716 254 1741 ἐκεῖσε
282 1714 377 1745 σκότος
402 1713 529 1746 λύσαντι,
544 1714 590 1743 καὶ
612 1715 646 1750 τῇ
668 1714 811 1750 τριημέρῳ
823 1713 905 1740 αὑτοῦ

118 1761 151 1787 ὲκ
168 1760 273 1796 νεκρῶν
288 1760 434 1787 ἀναστάσει
453 1759 510 1794 φῶς
526 1759 566 1795 τῷ
582 1760 676 1796 κόσμῳ
692 1760 841 1795 λάμψαντι,
859 1759 906 1786 καὶ

118 1805 191 1842 ζωὴν
220 1806 267 1833 καὶ
282 1805 436 1842 ἀφθαρσίαν
453 1805 596 1840 βλύσαντι·
615 1805 644 1838 ὃς
667 1805 800 1839 ὲξεδίδαξε
817 1805 905 1834 σέβειν

116 1851 167 1879 ενα
183 1851 249 1879 Θεὸν
265 1853 295 1882 ὲν
310 1852 399 1889 τρισὶν
415 1851 581 1879 ὑποστάσεσι
603 1850 804 1886 διαιρουμέναις
825 1851 907 1885 άσυγ-

117 1897 216 1937 χύτως,
236 1898 318 1935 ἥγουν
343 1899 372 1924 ἐν
395 1897 492 1933 Πατρὶ,
511 1897 558 1923 καὶ
582 1895 647 1931 Υῑῷ,
666 1896 712 1922 καὶ
737 1896 807 1931 ἁγιῳ
822 1895 908 1922 Πνεύ-

119 1953 194 1981 ματι,
206 1944 286 1976 αὐτὸς
302 1943 432 1979 ὑπάρχων
448 1941 487 1975 εἷς
499 1943 548 1978 τῆς
565 1943 694 1969 ἀκτίστου
706 1942 830 1978 Τριάδος,
844 1951 906 1969 συν-

116 1989 211 2020 άῑδιος,
230 1989 276 2016 καὶ
309 1989 486 2024 συνάναρχος,
512 1988 559 2015 καὶ
583 1988 725 2024 ὁμοούσιος
743 1987 782 2023 τῷ
805 1987 905 2024 Πατρὶ,

117 2035 165 2063 καὶ
180 2035 219 2071 τῷ
237 2035 307 2070 ἁγίῳ
329 2035 478 2070 Πνεύματι.
497 2034 597 2061 Τοῦτον
612 2034 658 2061 τὸν
682 2035 808 2071 ἀληθινὸν
839 2035 905 2062 Θεὸν

117 2080 303 2116 κηρύττομεν·
328 2081 430 2116 ταύτην
452 2081 500 2117 τὴν
523 2081 646 2117 καθαρὰν
674 2081 722 2108 καὶ
755 2080 906 2117 ἀμώμητον

115 2126 172 2154 τῶν
193 2126 362 2161 Χριστιανῶν
385 2127 475 2153 πίστιν
501 2127 734 2162 καταγγέλλομεν·
754 2127 822 2163 ὑπὲρ
838 2126 905 2153 ταύα

116 2180 167 2207 της
184 2172 273 2199 πάντα
297 2172 393 2199 παθεῖν
418 2173 534 2208 ἑτοίμως
556 2172 664 2209 ἔχομεν,
681 2173 711 2199 οὒ
735 2173 801 2209 πῦρ,
819 2173 849 2199 οὑ
866 2172 906 2206 ξί-

956 1580 1059 1611 l‘aetus,
1078 1583 1105 1608 et
1122 1588 1205 1608 cruce
1226 1588 1276 1608 sua
1300 1587 1332 1608 ac
1355 1584 1445 1609 morte
1467 1579 1569 1608 diaboli
1586 1579 1742 1614 imperium,

955 1630 1095 1661 perempta
1112 1630 1210 1659 morte,
1232 1626 1339 1653 irritum
1364 1625 1439 1658 fecit,
1461 1626 1495 1653 ad
1519 1626 1676 1660 inferosque
1698 1624 1743 1651 in—

955 1671 1045 1698 cultos
1059 1675 1086 1698 et
1099 1671 1232 1700 horridos.
1241 1670 1394 1702 descendit,
1411 1675 1438 1698 et
1448 1670 1485 1697 ibi
1505 1670 1631 1697 tenebras
1644 1669 1744 1697 dissol-

955 1716 1004 1748 vit,
1014 1722 1048 1743 ac
1062 1715 1124 1750 ejus
1138 1716 1351 1748 resurrectione,
1366 1723 1426 1750 qua:
1440 1715 1520 1742 tertio
1535 1715 1579 1742 die
1593 1722 1608 1742 a
1627 1714 1745 1742 mortuis

956 1760 1027 1788 facta
1042 1765 1094 1793 est,
1111 1761 1156 1788 lux
1172 1761 1274 1789 mundo
1292 1761 1390 1792 illuxit,
1413 1762 1553 1796 vitamque
1571 1766 1598 1788 et
1617 1761 1744 1788 incorru-

956 1807 1077 1842 ptionem
1092 1807 1202 1841 attulit;
1218 1807 1265 1843 qui
1282 1816 1365 1835 unum
1377 1807 1461 1835 Deum
1478 1807 1506 1835 in
1518 1808 1606 1836 tribus
1618 1807 1744 1842 personis

955 1853 1100 1882 inconfuse
1115 1854 1225 1886 divisis,
1244 1862 1342 1889 nempe
1356 1854 1383 1881 in
1396 1854 1487 1886 Patre.
1502 1858 1530 1882 et
1545 1853 1625 1887 Filio,
1642 1857 1668 1882 et
1684 1854 1746 1890 Spi-

955 1900 1010 1927 ritu
1021 1906 1127 1931 sancto,
1142 1899 1234 1926 docuit
1248 1899 1383 1931 venerari,
1401 1907 1464 1927 cum
1481 1901 1539 1934 ipse
1552 1899 1654 1934 alioqui
1671 1907 1744 1928 unus

955 1946 1085 1974 increataa
1102 1945 1248 1974 Trinitatis
1267 1946 1420 1979 exsistens,
1445 1946 1529 1974 simul
1553 1954 1616 1973 cum
1643 1945 1742 1978 Patre,

956 1995 1106 2026 sanctoque
1134 1991 1238 2027 Spiritu
1265 1993 1468 2027 sempiternus,
1496 1992 1557 2020 sine
1588 1991 1742 2027 principio.

955 2036 1133 2071 ejusdemque
1161 2037 1323 2064 substantia:
1347 2037 1394 2064 sit.
1425 2036 1506 2064 Hunc
1534 2043 1630 2063 verum
1657 2035 1744 2063 Deum

955 2082 1158 2118 pra-dicamus,
1185 2083 1258 2110 hanc
1280 2090 1379 2117 puram
1406 2086 1436 2113 ,et
1474 2081 1744 2117 irreprehensibilem

955 2128 1035 2156 ﬁdem
1056 2128 1264 2161 annuntiamus,
1280 2136 1331 2163 pro
1343 2127 1394 2155 hac
1408 2128 1501 2155 omnia
1520 2127 1577 2162 pati
1593 2126 1682 2162 parati
1697 2134 1744 2154 su-

955 2182 1028 2207 mus,
1041 2181 1096 2201 non
1108 2175 1209 2209 ignem,
1228 2181 1282 2201 non
1297 2174 1428 2209 gladium,
1444 2181 1500 2201 non
1516 2173 1662 2200 immanem
1673 2172 1744 2204 fera:

117 2227 177 2256 «ρος,
200 2218 230 2245 οὐ
255 2219 340 2254 θυμὸν
365 2219 469 2255 ἀγρίων
491 2219 600 2255 θηρῶν,
626 2219 683 2246 οὔθ’
699 2219 809 2246 οἱανοῦν
835 2219 903 2255 πρὸς

957 2227 1018 2246 rum
1032 2219 1180 2254 agrestium
1206 2217 1344 2246 feritatem
1356 2239 1363 2251 ,
1384 2226 1474 2254 neque
1495 2218 1714 2254 qualemcunque
1727 2226 1744 2247 a

117 2264 195 2301 ὑμῶν
211 2265 405 2301 ὲπινοουμένην
414 2265 537 2301 βασάνων
552 2266 622 2293 ἰδέαν
632 2266 824 2302 δειμαίνοντες.
839 2275 848 2292 ι

151 2356 208 2393 Τὴν
231 2356 375 2392 εὐτολμίαν
395 2355 442 2384 οὖν
457 2357 504 2384 τοῦ
530 2357 718 2394 ἀνδρειοτάτου
734 2358 781 2385 καὶ
798 2358 904 2385 πολυει-

115 2401 232 2437 δήμονος
246 2401 374 2438 γέροντος
390 2402 611 2436 καταπλαγέντες
627 2404 651 2429 οἱ
667 2403 804 2439 τύραννοι,
823 2403 903 2431 πάλιν

115 2448 186 2483 πρὸς
202 2447 283 2474 αὑτὸν
299 2447 346 2474 καὶ
367 2448 431 2480 τοὺς
453 2448 535 2475 αὐτοῦ
559 2449 705 2480 συνάθλους
730 2449 853 2484 μαθητάς
870 2447 905 2476 εἶ-

116 2503 178 2528 πον,
195 2494 309 2530 ἀπειλήν
324 2503 354 2521 τε
370 2494 497 2527 πνέοντες
513 2496 560 2523 καὶ
578 2496 788 2532 μαργαίνοντες·
810 2506 818 2521 ι
831 2497 903 2532 Πρὸς

116 2540 194 2576 ὑμῶν
210 2541 265 2577 ἄρα
280 2539 313 2567 τὰ
329 2539 384 2567 τῶν
401 2540 531 2576 βασιλέων
544 2541 621 2577 ἡμῶν
638 2542 685 2568 καὶ
700 2542 839 2578 ἀρχόντων
855 2551 903 2572 κα-

115 2586 288 2621 ταφρονεῖται
304 2585 426 2620 δόγματα.
439 2594 470 2612 τε
486 2586 531 2612 καὶ
539 2587 746 2621 προστάγματα,
764 2587 836 2622 καὶὴ
847 2587 902 2614 τῶν

113 2631 258 2667 ἀηττήτων
271 2631 350 2667 ἡμῶν
364 2631 433 2659 θεῶν
446 2632 513 2668 τιμὴ
529 2633 576 2658 καὶ
590 2632 700 2665 ἐξουσία
715 2634 899 2669 παρορᾶταιςι

120 2677 151 2705 '0
165 2678 194 2705 δὲ
210 2677 281 2710 θεῖος
300 2678 440 2714 ἱεράρχης,
453 2679 500 2705 καὶ
514 2679 597 2714 λόγῳ,
615 2679 661 2706 καὶ
679 2679 752 2715 ἔργῳ
766 2680 816 2715 τῆς
832 2689 902 2717 μαρ-

113 2725 230 2761 τυρικῆς
250 2724 428 2760 παρατάξεως
451 2725 666 2762 προηγούμενος,
684 2726 903 2764 θαρσαλεώτερον

114 2768 193 2802 αὖθις
207 2769 415 2806 ἀντεφθέγξατο·
435 2781 445 2797 ι
461 2771 568 2798 Ὄλοιτο
581 2771 713 2806 βασιλέων
735 2773 781 2799 καὶ
804 2774 902 2811 ἀρχόν-

113 2825 169 2844 των
191 2816 263 2844 ἅπαν
285 2817 383 2849 ἀσεϐές
401 2826 433 2844 τε
454 2817 501 2844 καὶ
523 2818 645 2845 ἀντίθεον
667 2819 841 2855 πρόσταγμα,
857 2821 903 2848 καὶ

115 2861 172 2888 θεοὶ
187 2860 212 2888 οἳ
227 2861 273 2888 τὸν
287 2861 400 2899 οὐρανὸν
419 2862 464 2890 καὶ
476 2862 525 2899 τὴν
541 2863 593 2899 γῆν
610 2864 660 2891 οὐκ
677 2864 820 2901 ἐποίησαν·
836 2866 903 2894 άπο-

955 2265 1035 2293 vobis
1053 2269 1251 2293 tormentorum
1269 2264 1366 2293 faciem
1375 2264 1558 2300 excogitatam
1571 2264 1744 2299 pertimesci-

956 2318 1029 2338 mus.
1045 2321 1054 2337 ι

989 2356 1071 2395 387
1087 2355 1164 2383 lianc
1178 2356 1261 2393 igitur
1277 2355 1421 2387 fortissimi
1438 2363 1469 2384 ac
1488 2355 1686 2391 sapientissimi
1700 2364 1744 2384 se-

955 2402 998 2428 nis
1022 2401 1106 2428 animi
1129 2401 1318 2429 fortitudinem
1340 2402 1448 2437 tyranni
1476 2401 1623 2434 admirati.
1654 2401 1744 2432 eidem

955 2455 1053 2475 rursus
1072 2448 1186 2483 ejusque
1207 2448 1367 2476 certaminis
1388 2447 1472 2478 sociis
1490 2447 1636 2483 discipulis
1654 2448 1745 2478 minas

955 2495 1092 2530 spirantes
1114 2498 1141 2522 et
1162 2494 1330 2525 insanientes
1346 2494 1495 2525 dixerunt:
1514 2494 1627 2530 «Itaque
1647 2502 1743 2530 regum

953 2544 1111 2568 nostrorum
1122 2540 1276 2576 principum
1286 2540 1364 2575 jussa
1375 2540 1569 2576 decretaquea
1582 2540 1660 2568 vobis
1676 2548 1743 2568 con-

953 2590 1125 2619 temnuntur,
1140 2591 1168 2614 et
1187 2586 1276 2614 honor
1290 2585 1405 2614 deorum
1422 2590 1582 2614 nostrorum
1598 2587 1742 2622 insupera-

953 2633 1049 2663 bilium
1069 2636 1097 2661 et
1112 2636 1234 2668 potestas
1250 2632 1424 2667 despicitur?
1440 2642 1450 2659 ι
1466 2632 1502 2659 At
1520 2632 1631 2660 divinus
1649 2633 1742 2667 ponti-

954 2679 997 2708 fex
1017 2684 1169 2716 martyrum
1192 2679 1272 2712 aciei,
1290 2688 1353 2709 cum
1373 2679 1409 2708 ob
1424 2679 1579 2712 verborum,
1594 2683 1652 2706 tum
1676 2685 1742 2713 ope-

953 2735 1015 2755 rum
1035 2727 1233 2768 excellentiam,
1246 2727 1455 2763 antesignanus,
1477 2726 1622 2754 audentius
1643 2732 1742 2754 rursus

954 2773 1095 2809 respondit
1118 2782 1150 2801 ςι
1164 2772 1293 2802 Facessat
1319 2773 1392 2809 regis
1415 2780 1448 2800 ac
1470 2772 1626 2808 principum
1650 2771 1741 2799 omnis

953 2819 1090 2855 impietas,
1106 2824 1134 2848 et
1149 2820 1270 2848 edictum
1284 2819 1340 2848 Deo
1360 2819 1543 2851 contrarium,
1555 2822 1582 2846 et
1597 2818 1683 2846 vestri
1700 2818 1739 2846 dii

954 2866 1002 2902 qui
1016 2874 1067 2896 nec
1081 2867 1182 2896 calum
1197 2874 1246 2896 nec
1262 2871 1363 2897 terram
1383 2865 1516 2899 iecerunt,
1535 2869 1563 2892 ut
1577 2863 1738 2898 imbecilles,
