1950 3065
221 133 274 162 663

816 133 846 162 S.
865 133 1014 163 DIONYSII
1031 133 1261 164 AREOPAGITE

1790 137 1848 166 664

221 191 336 224 utvani,
348 195 378 218 ut
394 198 460 220 vere
479 192 679 222 abominabiles
703 196 828 230 pereant,
851 193 957 229 indigni
968 194 1011 222 'de

1064 194 1200 222 λέσθωσαν
1215 195 1253 228 ὡς
1266 194 1401 231 ἀδρανεῖς,
1412 194 1450 228 ὡς
1467 193 1567 230 μέλεοι,
1578 194 1616 227 ὡς
1626 194 1748 232 βδελυροὶ
1759 196 1849 229 ὅντως

221 237 323 272 quibus
337 237 420 265 verba
435 237 518 273 ﬁant;
533 238 667 267 daemonia
683 243 773 266 autem
786 243 862 272 sunt,
878 243 905 268 et
916 239 1009 275 ﬁgurae

221 284 421 312 cacodaemonis
436 284 554 313 consilio
567 284 672 318 edictae,
681 288 708 312 et
721 285 868 313 artiﬁciosa
879 293 1008 313 manuum

221 328 364 357 hominum
388 337 483 365 opera.
508 330 618 359 Similes
638 331 722 367 igitur
750 331 805 359 illis
830 331 896 359 ﬁant
921 333 1007 366 surdi,

222 375 300 407 mi,
320 383 419 404 sensus
438 381 574 411 expertes,
600 377 646 412 qui
669 377 775 405 faciunt
797 385 839 410 ea,
860 383 887 406 et
914 386 1010 411 omnes

223 421 269 456 qui
286 421 429 449 conﬁdunt.
454 423 482 449 in
511 423 561 450 eis.
584 422 640 451 Nos
652 423 725 451 enim
748 424 899 457 Christum,
917 433 1010 452 verum

221 475 315 494 rerum
331 469 453 495 omnium
476 468 561 496 Deum
575 469 712 505 opiﬁcem,
728 475 892 503 curatorem,
907 476 934 500 et
949 472 1010 500 vitae

222 515 373 551 principem
393 517 580 552 agnoscimus,
595 521 622 545 et
641 517 731 553 ipsum
746 518 834 546 solum
848 526 1011 546 veneramur
1030 528 1034 531 ·

223 570 255 590 ac
270 563 461 598 praedicamus,
478 571 609 600 spemque
622 564 649 591 in
665 564 754 599 ipsum
764 565 903 600 ponimus,
920 569 948 593 et
960 573 1010 601 pro

221 608 282 643 ipso
302 609 371 636 mori
390 609 508 639 libenter
526 610 614 645 parati
636 618 743 643 sumus,
757 619 863 646 nosque
880 615 1010 647 tanquam

222 662 316 682 sacras
332 655 459 683 victimas
478 659 506 684 et
520 655 625 685 hostias
639 659 809 692 reputamus,
824 661 849 685 et
863 665 1011 693 properan-

220 704 264 728 tes
278 700 312 728 ad
326 700 398 731 hanc
414 701 625 737 jugulationem,
644 702 723 731 valde
746 703 906 738 gloriamur,
920 708 948 730 ut
964 705 1010 739 qui

220 753 273 774 nos
296 746 387 775 denuo
402 751 620 780 resurrecturos,
636 748 834 784 melioremque
856 756 888 776 ac
908 749 1011 777 beatio-

220 799 290 825 rem,
304 796 490 829 perpetuoque
503 793 663 821 duraturam
682 794 868 823 haereditatem
881 803 1011 823 consecu-

220 841 299 870 turos
313 843 389 866 ceno
404 839 554 872 credimus,
571 843 652 875 atque
663 840 730 868 adeo
744 841 911 876 incorruptis
930 849 1009 869 coro-

220 884 265 913 nis
282 884 441 912 decoratum
464 885 510 912 iri.
526 884 582 913 Vos
602 893 667 913 vero
689 893 797 919 rursus,
823 890 958 922 quotquot
980 887 1010 914 in

219 930 311 966 ipsum
326 938 381 958 non
399 930 523 963 creditis,
542 931 589 959 sed
613 931 773 966 dignitatem
789 932 860 966 ejus,
881 940 1010 968 regnum-

219 983 275 1011 que
287 983 394 1008 verum,
409 976 618 1012 sempiternum,
634 980 661 1005 et
682 976 737 1009 ﬁne
757 984 855 1005 carens
876 978 1012 1013 repellen-

219 1026 274 1055 tes,
290 1022 433 1054 ministros
456 1022 518 1058 ejus
539 1023 706 1056 interﬁcitis,
723 1024 888 1058 sempiterno
901 1024 968 1060 igni,
984 1028 1011 1053 et

219 1067 469 1098 immedicabilibus
509 1069 704 1106 perpetuisque
725 1069 868 1106 suppliciis
895 1071 1011 1101 traditos

219 1115 400 1147 intuebimur.
416 1124 425 1141 ι
446 1114 488 1146 Ad
511 1115 570 1142 haec
595 1115 812 1151 ﬁagitiosissimi,
829 1121 856 1143 et
878 1116 913 1146 ab
936 1117 1011 1144 omni

219 1160 320 1196 pietate
336 1160 497 1189 alienissimi
508 1164 698 1201 persecutores
710 1161 873 1197 perturbati,
886 1161 926 1188 ira
938 1162 1011 1200 pleni

220 1213 254 1233 ac
275 1205 474 1241 indignatione,
499 1207 711 1242 frendenlcsque
733 1207 872 1241 dentibuS,
897 1207 1011 1236 ensibus

219 1251 339 1284 eductis,
354 1251 531 1282 sanctissimo
550 1251 597 1280 Dei
613 1253 732 1288 praeconi
746 1253 872 1290 jugulum
886 1257 1011 1289 prompte

221 1297 354 1338 praebenti
368 1297 490 1325 divinum
501 1297 774 1335 saeratissimumque
782 1303 872 1334 caput,
889 1306 921 1326 ac
933 1298 1012 1326 dein-

220 1342 256 1370 de
271 1342 361 1378 capita
375 1342 493 1371 duorum
507 1344 568 1377 viae,
584 1350 693 1377 cursus,
707 1351 739 1371 ac
754 1345 943 1377 certaminum,
955 1353 1010 1373 non

220 1389 315 1417 minus
342 1397 427 1424 quam
453 1389 657 1429 praedicationis
683 1390 834 1424 sociorum,
852 1395 1010 1426 amputave-

221 1439 288 1464 runt
304 1445 311 1463 :
327 1436 392 1463 dum
414 1435 467 1471 ipsi
493 1436 528 1464 ad
552 1444 664 1465 cursum
680 1437 805 1473 martyrii
823 1444 854 1464 ac
878 1438 1008 1477 postremi

221 1479 285 1512 ﬁnis
302 1483 440 1508 certamen
469 1482 591 1508 cervices
611 1485 738 1518 prompte
759 1481 947 1517 projicientes,
963 1491 1011 1511 en-

221 1526 315 1561 sisque
329 1527 396 1555 ictui
411 1527 538 1555 alacriter
553 1528 747 1562 protendentes
758 1532 927 1559 antevertere
941 1530 1010 1557 alter

221 1574 300 1601 alteri
315 1573 489 1606 festinarent,
506 1578 537 1607 ut
557 1581 611 1606 non
626 1582 641 1601 a
656 1573 769 1603 doctore
784 1580 812 1604 et
833 1583 913 1604 sacro
930 1576 1010 1603 insti-

221 1623 313 1651 tutore
328 1627 378 1648 suo
390 1620 419 1647 in
433 1620 485 1647 hac
496 1620 607 1648 mortali
620 1624 648 1649 et
669 1622 762 1660 spinas
773 1622 941 1657 producente
956 1622 1011 1648 vita

221 1665 335 1693 omnino
350 1666 582 1701 relinquerentur,
594 1666 653 1709 sed,
669 1671 699 1693 ut
721 1666 778 1694 dux
806 1675 838 1699 ac
862 1673 1012 1709 praeceptor

221 1720 328 1745 eorum,
345 1713 380 1740 ad
402 1716 605 1740 muneratorem
637 1705 722 1740 Deum
754 1705 874 1740 breviter
896 1722 957 1741 cum
979 1722 1012 1742 eo

222 1759 306 1787 simul
327 1759 540 1794 commigrarent
563 1763 633 1789 :ut,
649 1759 878 1794 quemadmodum
904 1767 958 1787 una
983 1761 1011 1789 in

221 1804 422 1833 certaminibus
449 1804 630 1837 laborabant,
657 1805 767 1832 easdem
791 1805 872 1837 etiam
896 1813 1013 1834 coronas

221 1849 306 1886 388
323 1853 350 1877 et
375 1851 486 1885 prmia
505 1850 607 1878 laboris
630 1851 780 1888 participes
802 1852 884 1879 simul
905 1852 1014 1888 accipe-

223 1901 294 1924 rent.
308 1896 368 1929 Quo
387 1898 458 1931 enim
471 1901 553 1933 pacto
567 1898 615 1933 qui
634 1899 719 1933 probe
738 1906 753 1926 a
770 1900 862 1934 pueris
874 1901 1013 1936 instructi,

222 1945 372 1979 multisque
387 1951 419 1971 ac
433 1944 516 1972 variis
529 1945 672 1972 exercitati
689 1945 836 1974 laboriosis
853 1947 1014 1977 certamini-

222 1991 286 2022 bus,
301 1990 396 2018 divino
410 1991 512 2019 Christi
531 1992 618 2027 ipsius
628 1999 722 2021 amore
736 1992 898 2028 ﬂagrabant,
914 1994 1014 2030 quibus

222 2038 352 2066 omnibus
363 2046 414 2066 nec
428 2039 538 2074 corpori
552 2047 604 2067 nec
617 2039 709 2067 animo
724 2047 837 2075 parcere
847 2040 1012 2074 didicerant,

223 2089 255 2116 ut
270 2084 329 2119 ipso
343 2084 403 2113 solo
416 2092 480 2112 vere
496 2085 572 2121 ligno
585 2085 648 2115 vita:
663 2085 832 2118 fruerentur,
848 2094 902 2114 non
918 2086 1015 2116 dacto-

224 2130 264 2157 ris
279 2133 307 2157 et
323 2130 501 2167 praeceptoris
514 2130 558 2159 sui
578 2131 822 2167 promptitudinem
839 2132 873 2159 ad
889 2133 1015 2170 martyrii

223 2182 364 2206 certamen
379 2179 571 2207 imitarentur?
581 2179 658 2207 Sicut
672 2179 745 2208 enim
761 2180 927 2208 fortissimus
938 2188 1015 2208 eaer-

1061 241 1137 276 ὐμῶν
1158 242 1182 268 οι
1201 241 1265 274 θεοὶ,
1278 241 1324 269 καὶ
1342 240 1448 274 οὐδενὸς
1462 240 1542 276 λόγου
1558 239 1627 274 ἄξιοι
1636 249 1643 255 ·
1654 241 1781 278 δαιμόνια
1790 243 1849 279 γὰρ

1059 287 1239 322 τυγχάνουσιν
1258 287 1343 320 ὄντες,
1357 284 1404 315 καὶ
1421 287 1539 320 διανοίας
1565 287 1760 323 κακοδαίμονος
1777 288 1848 316 ἁνι-

1060 333 1224 369 πλάσματα,
1245 333 1292 361 καὶ
1323 333 1424 370 χειρῶν
1450 332 1628 369 ἀνθρωπίνων
1657 334 1847 370 τεχνάσματα.

1061 379 1168 416 Ὅμοιοι
1176 380 1265 407 τοίνυν
1276 379 1367 412 αὐτοῖς
1379 381 1402 407 ol
1413 379 1552 412 ποιοῦντες
1562 379 1642 413 αὐτὰ,
1651 380 1698 407 καὶ
1710 380 1810 412 πάντες
1820 381 1849 408 οἱ

1060 426 1219 458 πεποιθότες
1243 427 1286 453 ἐπ’
1301 426 1392 458 αὐτοῖς
1412 426 1545 461 γένοιντο,
1558 426 1656 462 κωφοὶ,
1672 427 1719 458 καὶ
1738 428 1849 462 τυφλοὶ,

1061 472 1108 500 καὶ
1123 471 1290 508 ἀναίσθητοι.
1314 472 1409 508 Ἡμεῖς
1423 471 1478 508 γὰρ
1492 471 1610 508 Χριστὸν
1622 471 1669 500 τὸν
1683 472 1767 505 ὅντως
1780 473 1851 500 δντα.

1059 518 1113 545 τῶν
1132 518 1201 546 ὅλων
1219 517 1285 545 Θεόν
1306 526 1337 544 τε
1358 518 1405 544 καὶ
1424 517 1606 554 δημιουργὸν,
1627 518 1674 546 καὶ
1698 518 1849 555 κηδεμόνα,

1060 564 1106 591 καὶ
1122 564 1172 599 τῆς
1189 563 1261 600 ζωῆς
1278 563 1393 599 χορηγὸν
1412 563 1591 599 γινώσκομεν,
1605 564 1652 591 καὶ
1666 564 1747 591 αὑτὸν
1766 565 1852 600 μόνον

1061 609 1186 646 σέϐομεν,
1203 610 1249 636 καὶ
1271 609 1452 645 κηρύττομεν,
1467 609 1575 642 καὶτὰς
1591 609 1701 643 ἐλπίδας
1715 611 1755 643 εις
1765 611 1852 638 αὑτὸν

1059 656 1252 692 ἀνατιθέμεθα,
1267 656 1313 683 καὶ
1331 656 1422 683 θανεῖν
1437 656 1507 692 ὑπὲρ
1521 655 1603 683 αὐτοῦ
1623 656 1850 693 προθυμούμεθα,

1060 702 1187 739 θυμάτων
1205 702 1286 739 ἱερῶν
1313 701 1359 729 καὶ
1376 702 1498 738 σφαγίων
1512 701 1589 739 δίκην
1612 702 1725 735 ἑαυτοὺς
1744 702 1852 738 λογιζό-

1062 757 1147 784 μενοι,
1159 748 1205 775 καὶ
1214 748 1376 780 σπεύδοντες
1385 748 1431 775 ἐπὶ
1444 747 1494 784 τὴν
1506 747 1635 784 τοιαύτην
1649 747 1766 784 σφαγὴν,
1778 749 1852 783 ἄγαν

1060 794 1240 830 ἀγαλλόμεθα,
1256 793 1294 827 ὡς
1305 793 1433 829 ἀσφαλῶς
1448 793 1621 826 πιστεύοντες
1637 791 1714 826 αὖθις
1731 795 1852 830 ἀναστή-

1061 840 1174 873 σεσθαι,
1198 841 1248 876 τῆς
1266 840 1437 876 κρείττονος,
1467 840 1513 869 καὶ
1549 840 1777 877 μακαριωτέρας,
1803 840 1853 868 καὶ

1060 885 1265 922 διαιωνιζούσης
1287 885 1443 922 τευξόμενοι
1466 885 1580 922 λήξεως,
1602 886 1719 918 καὶτοῖς
1741 887 1851 922 ἀκηρά-

1059 940 1116 964 τοις
1136 931 1349 967 στεφθησόμενοι
1367 931 1514 968 στέμμασι.
1533 932 1603 964 Τοὺς
1614 931 1636 962 δ’
1648 929 1682 960 αὖ
1701 932 1762 959 καθ’
1777 932 1852 968 ὑμᾶς

1061 978 1101 1009 είς
1114 976 1194 1004 αὔτὺν
1217 976 1254 1013 μὴ
1269 975 1457 1009 πιστεύοντας,
1474 976 1541 1004 ἀλλὰ
1558 976 1608 1014 τὴν
1628 976 1710 1004 αὐτοῦ
1723 977 1852 1013 θεάτητα,

1061 1018 1107 1052 xui.
1129 1023 1179 1060 τὴν
1203 1021 1289 1058 ἀληθῆ
1315 1022 1362 1049 καὶ
1386 1021 1481 1055 ἀΐδιον,
1499 1022 1546 1050 καὶ
1568 1023 1656 1061 πέρας
1670 1023 1722 1050 οὐκ
1736 1022 1853 1060 ἔχουσαν

1062 1061 1199 1105 βασιλείαν
1224 1068 1398 1101 ἀθετοῦντας,
1416 1069 1463 1096 καὶ
1487 1069 1551 1100 τοὺς
1575 1068 1657 1095 αὑτοῦ
1681 1069 1854 1106 θεράποντας

1061 1115 1250 1152 ἀναιροῦντας,
1267 1115 1368 1150 αἰωνίῳ
1398 1115 1464 1152 πυρὶ
1489 1114 1535 1141 καὶ
1551 1114 1678 1150 βασάνοις
1693 1115 1855 1151 ἀνηκέστοις

1061 1161 1108 1188 καὶ
1124 1161 1251 1197 ἀλήκτοις
1267 1158 1499 1196 παραδιδομένους
1515 1158 1652 1194 ὀψόμενοι.
1668 1168 1678 1185 ι
1698 1159 1772 1194 Πρὸς
1787 1158 1855 1186 ταῦ-

1060 1215 1096 1233 τα
1111 1205 1296 1241 ταραχθέντες
1312 1206 1336 1232 οἱ
1353 1205 1528 1241 παμπόνηροι
1545 1204 1591 1231 καὶ
1601 1204 1779 1235 ἀσεϐέστατοι
1794 1203 1856 1231 διῶ-

1061 1261 1134 1285 κται,
1159 1252 1205 1280 καὶ
1231 1251 1398 1287 πλησθέντες
1419 1251 1503 1287 ὀργῆς
1532 1251 1578 1283 καὶ
1603 1250 1707 1286 θυμοῦ,
1725 1250 1774 1282 καὶ
1789 1251 1855 1283 τοὺς

1060 1299 1169 1330 ὀδόντας
1186 1297 1344 1336 βρύξαντες,
1360 1297 1395 1325 τὰ
1419 1295 1482 1333 ξίφη
1506 1296 1688 1336 σπασάμενοι,
1704 1296 1752 1324 τοῦ
1777 1305 1856 1333 τρισ-

1063 1344 1198 1380 μακαρίου
1221 1344 1387 1380 θεοκήρυκος
1411 1343 1457 1370 τὸν
1481 1343 1582 1379 αὐχένα
1605 1343 1753 1379 προθύμως
1770 1343 1858 1370 ἐκτει-

1060 1398 1166 1424 ναντος,
1183 1389 1234 1426 τὴν
1250 1389 1326 1417 θείαν
1343 1389 1390 1417 καὶ
1406 1389 1536 1426 πανίερον
1552 1388 1674 1425 κεφαλὴν
1697 1388 1838 1424 ἀπέτεμον
1848 1398 1854 1404 -

1063 1438 1122 1473 μεθ’
1137 1438 1171 1475 ἢν
1188 1437 1234 1468 καὶ
1250 1436 1300 1469 τὰς
1315 1436 1365 1472 τῆς
1382 1435 1525 1475 ξυνωρίδος
1540 1435 1596 1463 τῶν
1621 1435 1790 1469 συνοπαδῶν,
1807 1435 1857 1463 καὶ

1062 1483 1230 1520 συνδρόμων,
1247 1483 1294 1510 καὶ
1320 1482 1526 1519 συνηθληκότων
1551 1482 1601 1517 οὐχ
1621 1479 1704 1518 ἦττον
1719 1482 1737 1518 ἢ
1754 1491 1858 1517 συγκε-

1062 1530 1236 1566 κηρυχότων,
1253 1528 1404 1564 ἀπέκοψαν,
1422 1528 1536 1563 θατέρου
1560 1527 1683 1568 θάτερον,
1700 1528 1740 1560 εἰς
1755 1527 1788 1555 τὸ
1803 1528 1857 1563 τῆς

1064 1575 1234 1612 μαρτυρικῆς
1243 1574 1371 1609 ἀγωνίας,
1383 1573 1429 1600 καὶ
1445 1573 1595 1609 κεφαλικῆς
1610 1571 1776 1605 τελειώσεως
1786 1581 1857 1609 προ-

1062 1614 1154 1650 λαϐεῖν
1171 1621 1341 1649 σπευδόντων
1359 1620 1476 1654 στάδιον,
1488 1621 1552 1652 τοὺς
1567 1619 1718 1656 τραχήλους
1728 1619 1857 1655 εὐθύμως

1063 1668 1279 1706 προόαλλόντων,
1298 1667 1344 1694 καὶ
1360 1668 1393 1703 τῇ
1410 1666 1458 1693 τοῦ
1476 1666 1614 1701 φασγάνου
1639 1665 1729 1701 πληγῇ
1756 1673 1856 1701 προτι-

1064 1715 1165 1742 θέντων
1190 1715 1348 1750 εὐπρεπεῖς,
1365 1713 1403 1745 ὡς
1428 1712 1461 1739 ἂν
1485 1711 1523 1749 μὴ
1547 1711 1595 1738 τοῦ
1613 1711 1789 1745 παιδαγωγοῦ
1807 1711 1857 1738 καὶ

1064 1760 1248 1797 ἱεροτελεστοῢ
1265 1760 1382 1795 πάμπαν
1399 1759 1578 1794 ἀφυστεροϊεν
1594 1758 1625 1785 ὲν
1639 1756 1727 1799 ταύτῃ
1741 1758 1777 1792 τῇ
1794 1758 1857 1784 ἐπι-

1064 1809 1141 1845 κήρῳ
1158 1807 1203 1835 καὶ
1220 1806 1397 1845 ἀκανθοφόρῳ
1414 1805 1500 1840 βιοτῇ⁷
1511 1803 1578 1831 ἀλλὰ
1595 1804 1734 1839 συντόμως
1749 1803 1797 1830 τὸν
1808 1803 1857 1830 αὐ-

1063 1854 1109 1881 τὸν
1125 1853 1164 1889 τῷ
1179 1852 1332 1888 διδασκάλῳ
1355 1852 1404 1879 καὶ
1419 1851 1591 1887 προσαγωγῷ
1606 1850 1706 1887 τρόπον
1723 1850 1792 1886 πρὸς
1809 1851 1857 1878 τὸν

1063 1899 1210 1935 ἀθλοθέτην
1227 1898 1431 1935 συνεκδημοῖεν,
1448 1897 1478 1924 ὃν
1493 1898 1594 1933 τρόπον
1610 1897 1657 1928 καὶ
1673 1898 1736 1931 τοὺς
1757 1897 1857 1930 ἄθλους

1066 1946 1266 1983 συνδιήλθοσαν,
1282 1945 1357 1977 ὅπως
1381 1945 1429 1971 καὶ
1453 1944 1507 1971 τῶν
1531 1943 1621 1971 αὐτῶν
1646 1945 1787 1978 στεφάνων
1810 1945 1858 1971 καὶ

1065 1993 1189 2028 ἐπάθλων
1200 1993 1258 2028 ἅμα
1269 1991 1435 2028 συμμέτοχοι
1446 1990 1562 2017 πέλοιεν.
1574 1989 1636 2022 Πῶς
1652 1989 1707 2030 γὰρ
1722 1990 1746 2016 οἱ
1765 1989 1859 2024 καλῶς

1066 2038 1329 2075 παιδαγωγηθέντες,
1347 2037 1394 2065 καὶ
1406 2037 1514 2070 πολλοῖς
1530 2036 1580 2074 ἤδη
1597 2036 1743 2069 πολυειδῶς
1775 2037 1860 2072 ἐγγυ-

1068 2085 1231 2123 μνασθὲντες
1247 2084 1403 2120 ἀθλητικοῖς
1417 2082 1659 2125 γυμνάσμασι,καὶ
1675 2082 1794 2119 Χριστὸν
1811 2084 1846 2111 αὐ

1065 2132 1112 2159 τὸν
1128 2131 1199 2158 θεῖον
1216 2131 1323 2167 ἔχοντες
1339 2130 1439 2166 ἔρωτα,
1456 2129 1490 2156 δι’
1506 2126 1544 2156 ὧν
1561 2129 1669 2159 πάντων
1696 2129 1743 2161 καὶ
1761 2128 1859 2166 σώμα-

1066 2187 1112 2210 τος
1123 2178 1169 2205 καὶ
1179 2177 1267 2214 ψυχῆς
1288 2176 1408 2212 ἀφειδεῖν
1425 2176 1605 2208 ἐδιδάσκοντο,
1621 2176 1696 2208 ὅπως
1711 2175 1796 2209 αὺτοῦ
1809 2175 1860 2211 μό-

224 2225 296 2252 eitus
315 2225 476 2260 imperator,
495 2226 543 2261 qui
566 2234 627 2254 sese
648 2227 742 2262 przelio
758 2227 863 2263 primus
884 2232 1011 2263 exponat,

1067 2233 1113 2257 νου
1130 2223 1177 2251 τοῦ
1195 2223 1288 2259 σαφῶς
1304 2223 1380 2255 ὄντος
1391 2222 1469 2256 ξύλου
1486 2221 1535 2258 τῆς
1552 2221 1625 2256 ζωῆς
1649 2221 1860 2260 κατατρυφῷεν,

225 2270 462 2300 commilitonibus
472 2272 580 2300 animos
599 2271 686 2305 addit,
701 2273 766 2300 dum
780 2272 907 2301 bellicum
919 2281 1011 2301 canere

1067 2271 1117 2298 οὐκ
1133 2270 1166 2298 ἂν
1190 2269 1237 2296 τοῦ
1263 2268 1419 2305 γυμναστοῦ
1445 2268 1492 2295 καὶ
1518 2266 1662 2296 παιδευτοῦ
1677 2266 1727 2303 τὴν
1743 2267 1792 2294 ἐπὶ
1808 2266 1860 2303 τὴν

227 2316 362 2351 praecipit,
390 2321 419 2344 et
448 2317 568 2345 hostium
601 2319 769 2348 exercitibus
792 2319 889 2347 obvius
910 2319 1011 2355 primu:

1070 2316 1243 2353 μαρτυρικῂν
1260 2315 1398 2352 ἀριστείαν
1416 2314 1557 2351 ἐζήλωσαν
1574 2314 1745 2351 προθυμίᾳνς
1762 2314 1861 2342 Καθά-

226 2361 345 2389 eﬁicitur
362 2370 369 2388 ί
385 2363 427 2391 sic
445 2363 602 2391 divinorum
623 2366 805 2394 certaminum
830 2367 1011 2402 peritissimus

1068 2372 1121 2400 περ
1137 2363 1191 2399 γὰρ
1198 2361 1386 2398 στρατηλάτης
1401 2361 1557 2397 κράτιστος,
1565 2360 1615 2397 τῆς
1631 2360 1762 2395 στρατιᾶς
1771 2368 1862 2396 προα-

227 2416 321 2441 senex,
341 2409 422 2444 longa
437 2413 464 2437 et
488 2417 623 2439 annorum
647 2412 727 2449 plena
742 2417 838 2440 exacta
863 2417 1015 2445 senectute.

226 2455 262 2482 ad
281 2454 470 2483 beatissimam
493 2464 543 2493 pro
564 2457 674 2486 Christo
697 2459 799 2487 caedem
822 2460 928 2495 primus
943 2460 1017 2487 exsi-

226 2499 316 2532 iicns,
339 2507 458 2529 coronas
477 2502 599 2530 victoriae
624 2504 758 2542 pertulit,
784 2508 812 2533 et
838 2504 1016 2533 dulcissimos

227 2545 298 2579 ﬁlios
318 2546 352 2574 ad
377 2547 611 2583 subsequendum,
626 2557 658 2577 ac
678 2549 801 2577 eamdem
830 2550 1017 2579 beatissimam

225 2594 343 2621 mortem
359 2591 474 2620 libenter
484 2593 637 2629 eligendam
653 2594 825 2629 praeparavit.

1067 2410 1266 2448 γωνιζόμενος,
1298 2408 1362 2440 τοὺς
1387 2407 1570 2444 συμμαχητάς
1594 2407 1787 2444 προθυμαίνων
1812 2409 1862 2435 καὶ

1069 2455 1299 2494 προκελευόμενος
1324 2454 1398 2490 ᾄδειν
1422 2453 1556 2486 ἐνυάλιον,
1574 2452 1681 2489 πρῶτος
1697 2453 1789 2489 ὁμιλεῖ
1802 2457 1863 2489 τοῖς

1066 2503 1121 2531 τῶν
1146 2500 1283 2537 πολεμίων
1309 2499 1526 2535 στρατεύμασιν·
1551 2499 1638 2531 οὓτως
1660 2499 1675 2526 ό
1698 2498 1754 2527 τῶν
1779 2499 1863 2527 θείων

1069 2549 1181 2585 ἀγώνων
1198 2547 1395 2583 ἐμπειρότατος
1410 2545 1633 2582 πρεσϐύτης,καὶ
1650 2545 1717 2580 βαθὺ
1741 2546 1789 2572 καὶ
1799 2547 1862 2573 πῖον

1071 2592 1253 2631 εἰσεληλακὼς
1275 2592 1374 2628 γῆρας,
1393 2591 1461 2628 πρὸς
1485 2591 1535 2628 τὴν
1551 2591 1622 2628 ὑπὲρ
1636 2591 1757 2628 Χριστοῦ
1775 2601 1863 2628 μακα-

228 2638 364 2680 ριωτάτην
388 2640 565 2676 προπηδήσας
590 2640 707 2675 σφαγὴν,
724 2640 788 2672 τούς
810 2648 840 2667 τε
861 2641 911 2677 τῆς
932 2640 1010 2678 νίκης
1039 2641 1240 2678 προεκομίσατο
1257 2638 1417 2673 στεφάνους,
1448 2637 1573 2670 καὶτοὺς
1592 2637 1780 2673 γλυκυτάτους
1791 2639 1861 2671 υἱεῖς

226 2685 385 2721 ἐφέπεσθαι,
397 2685 443 2712 xai.
459 2685 505 2713 τὸν
520 2686 613 2721 ὅμοιον
629 2686 768 2719 ἀσπασίως
785 2686 892 2715 ἑλέσθαι
910 2689 1140 2724 παμμακάριστον
1157 2685 1403 2723 προπαρεσκεύασε
1420 2684 1543 2716 θάνατον.

263 2733 332 2765 Quis
344 2731 437 2768 igitur,
454 2741 517 2760 eum
532 2733 579 2767 qui
594 2734 767 2769 septuaginta
782 2742 870 2762 annos
884 2734 1016 2770 apostoli-

227 2786 290 2806 cum
302 2787 415 2807 cursum
427 2779 604 2814 percurrerit,
619 2784 785 2808 servatorem
797 2781 937 2809 Christum
949 2789 1018 2817 prae.-

227 2825 371 2856 dicaverit,
387 2826 461 2852 verbi
486 2825 616 2854 salutaris
640 2826 758 2854 nobilem
781 2831 808 2855 et
831 2827 1016 2863 incorruptam

229 2875 378 2904 sentcntem
394 2872 420 2899 in
438 2872 520 2904 terris
534 2872 650 2902 rationis
672 2874 851 2915 participibus
864 2875 1015 2909 seminarit,

1106 2735 1154 2766 Τίς
1170 2731 1217 2760 οὖν
1230 2732 1277 2759 τδν
1293 2733 1322 2759 ὲν
1338 2731 1426 2758 ἔτεσιν
1446 2731 1631 2768 ἑϐδομήκοντα
1655 2730 1705 2767 τὴν
1721 2731 1862 2758 ἀποστολι-

1073 2780 1123 2817 κὴν
1148 2779 1298 2807 ὁδεύσαντα
1322 2778 1425 2814 τρίεῖον,
1441 2777 1488 2804 καὶ
1505 2778 1619 2813 Σωτῆρα
1640 2777 1762 2813 Χριστὸν
1780 2778 1860 2814 κηρύ-

1072 2826 1164 2860 ξαντα,
1183 2826 1229 2853 καὶ
1245 2824 1292 2851 τοῦ
1310 2824 1444 2860 σωτηρίου
1455 2824 1534 2858 λόγου
1557 2824 1603 2850 τὸν
1619 2823 1717 2858 εὐγενῆ
1735 2823 1783 2851 καὶ
1801 2824 1860 2851 ἀκί-

1072 2873 1166 2909 ϐδηλον
1179 2871 1283 2908 ’σπόρον
1301 2873 1329 2899 ὲν
1357 2870 1465 2903 πολλαῖς
1481 2870 1601 2904 λογικαῖς
1616 2869 1748 2906 ἀρούραις
1774 2879 1859 2897 κατα-
