1950 3065
144 197 195 226 665

606 195 698 230 VITA,
717 194 883 224 AUCTORE
899 194 1074 224 MICHAELE
1091 194 1260 224 SYNGELO.

1717 195 1771 223 666

144 263 301 292 UﬂE‘sded,
318 255 365 283 καὶ
381 254 514 292 πολύχουν
531 255 708 291 ἀμησάμενον
733 254 863 290 ἀσταχυν,
882 253 928 281 καὶ

980 254 1120 289 c0piosam
1133 254 1238 290 spicam
1252 253 1410 285 messuerit.
1424 256 1452 281 et
1466 252 1573 281 fructus
1584 252 1708 288 apprime
1720 261 1771 280 no-

142 302 271 338 γνησίους
288 301 360 337 μάλα
376 302 423 329 καὶ
438 301 545 337 τιμίους
562 301 759 337 ὲναποθέμενον
768 302 829 332 ταῖς
845 301 932 336 ἱεραῖς

143 348 296 383 ἀποθήκαις
312 347 446 384 καρποὺς,
464 347 547 385 ἀξίως
563 347 747 384 θαυμάσειεν;
764 347 814 379 Τίς
828 346 874 374 τὸν
885 346 932 374 ἐπὶ

143 394 269 421 τοσοῦτον
284 393 382 429 χρόνου
400 393 486 429 μῆκος
510 393 695 428 εύαγγελικῶς
721 393 931 430 ἀριστεύσαντα,

145 441 190 468 καὶ
206 440 352 476 νικηφόρον
367 439 588 475 ἀναδεδειγμένον
604 440 633 466 ὲν
651 439 726 475 μέσῳ
742 439 932 476 χριστομάχων

143 488 294 525 τυράννων,
311 487 358 514 καὶ
382 487 469 523 δήμου
494 487 708 524 θηριωδεστέρω
733 487 848 514 λεόντων
885 488 932 514 καὶ

143 534 233 561 λύκων
244 533 438 569 ἀντικειμένων
462 532 629 564 ἐπαινέσειεν
645 534 707 560 ὅσον
723 534 847 560 ἐπαινεῖν
869 534 932 561 ὲπο-

142 579 282 615 φείλεται;
300 579 369 606 Ποία
392 578 500 613 γλῶττα
517 578 585 614 πρὸς
602 578 728 614 διήγησιν
746 578 801 606 τῶν
827 579 932 615 ἀρετῶν

142 625 236 658 αὑτοῦ,
247 625 477 661 κατορθωμάτων,
495 626 541 652 καὶ
558 625 724 661 ἀθλημάτων
740 625 882 661 ἀρκέσειεν
895 634 902 659 ;
913 625 932 655 ἀ

143 672 194 707 γῆς
211 672 261 708 μὲν
277 672 306 699 αἱ
322 672 403 707 φυλαὶ
421 671 641 708 κατεπλάγησαν,
653 673 680 699 αί
695 672 725 699 δὲ
739 671 795 699 τῶν
810 671 932 708 οὐρανῶν

142 718 233 750 τάξεις
253 718 419 752 ὲξεθείασαν,
437 718 484 746 καὶ
509 718 627 753 Χριστὸς
641 719 656 745 ὁ
673 718 861 754 παμϐασιλεὺς
884 719 931 746 καὶ

142 764 197 791 τῶν
214 764 348 800 βραϐείων
363 764 508 801 διανομεῦς
527 765 676 799 ἀπεδέξατο
688 784 695 797 ,
713 765 760 792 καὶ
776 765 930 801 ἀναρρήσε-

144 817 190 836 σιν
201 809 354 841 ἐπινικίοις,
371 810 416 836 καὶ
434 810 574 844 στεφάνων
590 809 795 846 ὑπερλάμπρων
804 810 931 846 ἀμοιϐαῖς

142 854 188 882 τὸν
208 855 408 891 κατωρθωκότα
425 856 472 882 καὶ
487 855 649 891 διηθληκότα
665 855 812 890 διέστεψεν.
833 856 864 882 Ὢ
879 856 930 891 τῆς

141 902 223 936 ἁγίας
244 901 290 929 καὶ
311 901 458 933 θεσπεσίας
481 902 613 938 κεφαλῆς,
634 902 684 938 τῆς
709 901 780 938 ὑπὲρ
809 901 930 938 Χριστοῦ

984 300 1057 329 biles
1080 305 1108 328 et
1131 300 1282 329 honoratos
1306 299 1335 327 in
1355 300 1464 328 horreis
1490 299 1578 328 sacris
1605 299 1769 334 reposuerit,

982 344 1063 381 digne
1083 344 1212 373 admirari
1242 345 1355 380 posset?
1368 345 1436 378 Quis
1464 352 1526 373 eum
1542 344 1589 380 qui
1613 344 1667 372 huc
1684 352 1772 381 usque

981 390 1115 425 temporis
1137 390 1299 426 evangelico
1323 390 1379 418 ritu
1405 394 1519 418 strenue
1544 398 1574 418 se
1595 390 1722 426 gesserit,
1738 398 1771 418 ac

983 435 1054 463 inter
1075 439 1208 472 tyrannos
1223 435 1374 468 Christum,
1390 444 1423 464 ac
1437 436 1566 471 populum
1588 436 1714 464 leonibus
1738 443 1771 464 ac

981 481 1054 518 lupis
1065 481 1201 518 oppositis
1222 481 1396 514 ferociorem,
1414 482 1560 509 victoriam
1573 482 1710 515 retulerit,
1725 490 1772 510 sa-

981 527 1018 555 tis
1033 535 1083 563 pro
1102 528 1234 564 dignitate
1248 527 1389 556 laudaret?
1401 527 1467 562 Quae
1484 529 1577 565 lingua
1591 528 1626 556 ad
1641 529 1702 564 ejus
1714 529 1770 556 vir-

981 577 1066 607 tutes,
1083 580 1158 603 recte
1171 575 1254 608 facta,
1270 579 1297 604 et
1311 577 1461 604 certamina
1478 577 1643 605 celebranda
1657 577 1769 606 sufﬁce-

981 620 1042 647 ret?
1056 619 1122 654 Quae
1138 620 1250 655 quidem
1268 621 1357 650 tribus
1377 625 1458 650 terra:
1471 622 1611 651 admirata:
1626 628 1701 657 sunt,
1713 632 1771 652 caa-

981 665 1071 693 lorum
1092 666 1204 695 ordines
1224 667 1304 695 beata
1323 668 1552 703 praedicaverunt,
1569 669 1697 698 Christus
1720 677 1768 698 rex

981 713 1116 745 omnium,
1130 716 1158 740 et
1172 714 1348 748 praemiorum
1368 714 1533 743 distributor
1553 716 1724 752 approbavit,
1743 721 1771 745 et

981 758 1125 793 praconiis
1139 759 1239 794 quibus
1254 759 1371 788 victores
1385 761 1479 788 ornari
1492 761 1590 794 solent,
1606 762 1771 797 coronisque

982 803 1148 837 illustribus,
1174 808 1230 832 tam
1254 808 1329 832 recte
1354 813 1456 834 munus
1482 806 1669 835 Christianum
1692 815 1771 836 exse-

980 853 1075 876 cutum
1097 857 1130 880 ac
1151 849 1336 878 decertantem
1374 853 1530 880 coronavit.
1548 853 1571 880 Ο
1589 857 1727 887 sanctum,
1743 859 1771 882 et

982 894 1105 922 divinum
1119 900 1214 931 caput,
1230 903 1279 933 pro
1297 904 1363 925 vero
1381 898 1486 926 Christi
1505 906 1598 927 amore
1612 899 1770 936 praecisum!

140 948 192 984 τῆς
211 948 298 980 ὕντως
313 947 424 982 ἀγάπης
444 947 612 984 τμηθείσηςι
630 947 663 974 Ὢ
679 948 728 984 τῆς
753 947 867 975 πλεῖστα
883 948 928 976 καὶ

980 939 1002 967 Ο
1021 941 1131 977 plenum
1152 942 1279 976 plurimis
1305 950 1338 970 ac
1358 944 1487 973 maximis
1507 945 1590 973 rebus
1617 946 1720 974 divinis
1742 951 1771 975 et
1809 963 1812 966 ν

143 994 259 1030 μέγιστα
274 993 333 1020 θεῑα
344 994 391 1021 καὶ
408 993 551 1030 ἀπόρρητα
561 994 741 1030 χωρησάσης,
755 993 774 1022 ἃ
791 994 828 1031 μὴ
844 993 931 1030 κεχώ-

141 1048 210 1076 ρηκε
229 1039 340 1075 κόσμος,
358 1039 565 1075 πανιερωτάτης
588 1039 725 1075 κορυφῆς,
751 1039 801 1075 τῆς
818 1039 930 1076 μυρίους

141 1086 189 1113 καὶ
209 1087 331 1122 μακροὺς
341 1086 525 1122 διαθλησάσης
540 1086 610 1122 ὑπὲρ
626 1085 674 1113 τοῦ
694 1085 767 1113 θείου
786 1086 930 1122 κηρύγμα-

138 1140 187 1165 τος
217 1132 343 1167 ἀγῶναςί
362 1133 393 1159 Ὠ
426 1133 477 1167 τῆς
500 1132 708 1168 ὲμόατευσάσης
732 1133 789 1164 τοῖς
812 1132 929 1168 ὑπεραυ-

141 1178 243 1215 ρανίοις
262 1178 430 1214 διακόσμοις,
448 1178 494 1205 καὶ
510 1177 545 1204 τὰ
560 1178 639 1212 λόγου
656 1186 687 1204 τε
708 1178 808 1210 παντὸς
823 1177 930 1213 πέρατα

140 1225 187 1252 καὶ
203 1225 263 1256 νοὸς
278 1224 474 1260 νοησάσης-καὶ
491 1224 694 1259 φθεγξαμένηςί
716 1224 749 1250 Ὢ
758 1223 808 1259 τῆς
824 1224 929 1251 θειοτά-

139 1279 190 1307 της
205 1270 295 1307 ψυχῆς
311 1271 429 1306 ἐκείνης,
445 1270 496 1306 τῆς
512 1270 541 1296 δὲ
560 1269 593 1296 δι’
604 1269 752 1305 ἀγγελικῆς
767 1269 929 1306 δορυφορίας

139 1318 180 1350 είς
201 1317 252 1349 τὰς
275 1316 415 1353 οὐρανίους
440 1316 599 1352 ἀναπτάσης
616 1316 730 1351 ἀψίδαςί
754 1316 799 1352 ἦν,
816 1316 928 1350 ἐνδόξως

139 1363 209 1401 πρὸς
218 1363 266 1390 τὸν
274 1363 326 1398 τῆς
335 1363 413 1398 δόξης
429 1362 531 1399 Κύριον
548 1362 594 1390 καὶ
611 1362 809 1398 στεφανοδότην
825 1362 928 1398 Ἰησοῦν

138 1407 268 1436 ἀνιοῦσαν
276 1408 332 1436 τῶν
341 1408 458 1435 εὐκλεῶν
469 1408 557 1435 πόνων
571 1408 718 1444 τάπίχειρα
734 1408 926 1444 κομιουμένην,

139 1456 261 1492 ὕμνησεν
272 1456 375 1491 ἑκάστη
385 1455 438 1483 τῶν
453 1456 644 1492 ὑπερκοσμίων
655 1455 804 1491 δυνάμεων,
815 1455 864 1493 τὴν
880 1456 928 1482 αύ-

138 1502 190 1537 τῆς
206 1501 318 1538 ἄθλησιν
334 1502 511 1538 γεραίρουσα,
529 1502 575 1529 καὶ
591 1501 758 1537 ἀμειϐομένη
775 1501 824 1537 τῆς
846 1501 928 1537 ἀγγε-

139 1546 293 1582 λοπρεποῦς
313 1546 468 1582 ὑμνήσεως,
491 1546 523 1583 ἢν
538 1547 553 1574 ὁ
574 1546 661 1579 κοινὸς
689 1546 779 1573 αὐτῶν
798 1546 928 1583 ὑμνήτωρ

138 1591 321 1623 ἑνθεαστικῶς
335 1601 366 1618 τε
383 1592 429 1619 καὶ
452 1592 643 1628 παναρμονίως
660 1593 844 1628 συνήρμοσεν·
863 1593 925 1629 ἢνὴ

138 1636 197 1664 ἀνω
215 1636 404 1673 Ἰερουσαλὴμ,
422 1636 472 1669 τὰς
492 1636 593 1671 ἑαυτῆς
613 1637 743 1669 ἀνοίξασα
760 1636 857 1669 πύλας,
872 1638 927 1663 svs-

140 1681 314 1709 κολπώσατο·
326 1682 359 1717 ἥν
371 1683 388 1717 ἡ
404 1681 551 1718 Ἐκκλησία
561 1682 740 1718 πρωτοτόκων
755 1682 929 1717 ἀπογεγραμ-

141 1727 231 1763 μένων
248 1728 277 1754 ὲν
293 1728 416 1763 οὐρανοῖς
433 1727 653 1765 προσεπτὺξατο·
672 1728 705 1764 ἢν
720 1727 864 1765 πνεύματα
881 1727 928 1755 καὶ

138 1774 225 1810 ψυχαὶ
239 1774 352 1801 δικαίων
363 1774 443 1801 ὁσίων
456 1774 503 1801 καὶ
515 1772 650 1801 ταπεινῶν
660 1776 692 1810 τῇ
710 1774 819 1811 καρδίᾳ,
833 1774 883 1810 τὴν
899 1775 928 1803 ἐν

138 1820 300 1856 δικαιοσύνῃ
315 1820 362 1847 καὶ
379 1820 510 1856 ὁσιότητι,
528 1820 575 1847 καὶ
593 1820 706 1857 μετρίῳ,
728 1820 776 1847 καὶ
799 1820 863 1857 θείῳ
884 1829 929 1856 φι-

138 1865 325 1902 λοφρονήματι
334 1865 576 1902 πολιτευσαμένην,
589 1866 635 1893 καὶ
644 1867 740 1902 μέχρις
750 1866 863 1902 αἵματος
878 1867 928 1903 τὴν

138 1912 232 1939 πίστιν
256 1911 530 1948 παρρησιασαμένην,
549 1911 595 1939 καὶ
619 1912 689 1948 ὑπὲρ
711 1913 796 1948 αὐτῆς
814 1912 929 1940 πυκτεύ-

138 1967 228 1986 σασαν
249 1959 446 1994 ὲνηγκαλίσατο
456 1967 462 1973 ·
481 1956 498 1996 ᾖ
515 1958 569 1985 τῶν
585 1958 742 1986 ἀποστόλων
758 1959 775 1998 ἡ
797 1968 928 1996 χοροστα-

139 2004 186 2031 σία
201 2003 353 2040 πρεπωδῶς
369 2004 587 2040 ὲνεκαυχήσατο·
602 2004 645 2039 ἐφ’
661 2001 678 2042 ᾖ
694 2004 749 2032 τῶν
758 2004 929 2041 προφητῶνό

139 2050 219 2086 χορὸς
240 2049 432 2085 ἠγαλλιάσατο,
451 2049 510 2086 μεθ’
525 2047 559 2086 ἦς
577 2050 701 2087 ἑορτάζει
717 2051 764 2078 καὶ
784 2051 929 2087 εὐφραίνε‹

137 2106 196 2128 ται,
212 2096 262 2132 τὴν
271 2096 300 2128 ἐξ
313 2097 420 2124 οἰκείων
434 2096 548 2132 ἀγώνων
558 2097 603 2125 καὶ
625 2097 748 2132 αίμάτων
765 2098 929 2132 ὑφανθεῖσαν

138 2143 186 2170 καὶ
195 2142 326 2177 βαφεϊσαν
336 2141 477 2178 βασιλικὴν
489 2142 630 2179 πορφύραν
647 2143 865 2180 περιϐεϐλημένη
881 2143 928 2171 καὶ

137 2188 337 2224 πεποικιλμένη
346 2187 401 2215 τῶν
414 2188 571 2225 ἀθλοφόρων
580 2189 725 2226 μαρτύρων
736 2190 752 2226 ἡ
763 2189 926 2226 πανήγυρις.

174 2233 363 2270 Μακαριστέον
376 2233 464 2261 τοίνυν
479 2234 527 2270 τὴν
544 2234 619 2262 πόλιν
635 2235 684 2270 τὴν
696 2235 927 2272 ταμιευσαμένην,

137 2282 189 2317 τήν
202 2289 233 2307 τε
247 2280 381 2316 θεοστεφῆ
398 2281 446 2308 καὶ
463 2281 668 2317 πανσεῦασμίαν
686 2290 733 2308 σου
751 2282 871 2318 κεφαλὴν
883 2283 929 2310 καὶ
944 2293 966 2322 ι)

137 2328 170 2354 τὸ
185 2327 275 2362 τίμιον
290 2327 424 2362 λείψανον,
435 2327 482 2354 καὶ
496 2327 562 2361 τῶν,
580 2327 625 2360 οὓς
639 2328 677 2360 ὡς
694 2329 780 2365 ἱερεῖα
795 2328 928 2364 πανάμω-

140 2382 180 2408 μα
209 2373 257 2400 καὶ
273 2372 426 2404 πανευῶδες
440 2372 564 2409 θυμίαμα
586 2373 625 2410 τῷ
640 2374 700 2409 Θεῷ
716 2375 927 2410 προσενήνοχας,

139 2417 330 2454 συμφοιτητῶν
340 2438 347 2451 ,
362 2414 385 2444 ὣ
396 2417 570 2454 θεοκηρύκων
586 2419 634 2446 καὶ
650 2419 785 2455 ἰεραρχῶν
801 2420 930 2455 καὶ,μαρ-

137 2465 229 2501 τύρων
245 2465 394 2501 πανάριστε
404 2473 411 2480 ·
425 2466 472 2492 καὶ
484 2466 540 2498 τοῖς
554 2465 641 2500 ἀγίοις
657 2467 733 2502 ὑμῶν
747 2466 929 2503 φοινιχθεῐσαν

136 2512 262 2547 αἵμασιν,
278 2510 309 2543 ἐξ
323 2507 360 2537 ὧν
377 2510 446 2546 ἴαμά
465 2519 492 2538 τι
508 2511 555 2538 καὶ
570 2512 669 2548 κρῆναι
684 2513 793 2540 νάουσιν
815 2513 858 2540 ἀεὶ
872 2514 929 2545 τοῖς

137 2557 231 2584 πίστει
247 2555 460 2592 προσφεύγουσι,
476 2556 524 2582 καὶ
539 2556 588 2592 τὴν
598 2556 651 2583 τῶν
662 2557 831 2591 ἀλγυνόντων
846 2566 927 2593 νοση-

140 2603 234 2639 μάτων
249 2600 399 2634 ὲξαιτοῦσιν
416 2601 497 2628 ἴασιν.
526 2602 569 2634 Ὧς
594 2602 701 2637 ἀληθῶς
725 2603 928 2639 μεμακάρισται

138 2648 296 2686 Παρισία,ὴ
313 2649 347 2684 τῇ
364 2648 415 2684 μὲν
429 2648 588 2684 πηλικότητι
603 2649 658 2676 τῶν
672 2648 741 2676 κατά
755 2649 867 2676 Γαλλίαν
885 2659 929 2686 μι-

129 2693 257 2730 ’κροςέρα
273 2693 386 2726 πόλεων,
402 2693 441 2729 τῷ
463 2693 653 2730 κεκληρῶσθαι
671 2693 700 2720 δέ
717 2703 756 2726 σε,
770 2694 826 2722 τῶν
855 2695 928 2722 διδα-

138 2740 248 2767 σκάλων
271 2737 294 2767 ὦ
322 2740 470 2776 πρόκριτε,
488 2739 664 2776 θησαύρισμα
682 2741 782 2773 παντὸς
797 2741 927 2778 αἰσθητοῦ

137 2786 257 2814 πλούτου
273 2786 489 2823 τιμλφέστερον
520 2787 568 2815 καὶ
597 2787 739 2823 πολιοῦχον
766 2788 926 2824 κεκτῆσθαι,

136 2833 188 2860 καὶ
223 2833 396 2869 φρούραρχον
419 2833 596 2870 λαμπροτέρα
617 2834 827 2870 χρηματίσασαο
848 2835 928 2870 ἀγια-

136 2879 210 2914 σμὸς
234 2879 289 2915 γὰρ
298 2880 366 2915 αὐτῇ
384 2878 475 2907 Θεόθεν
489 2879 593 2916 ὲδόθης,
612 2880 662 2917 τὴν
678 2880 733 2907 τῶν
747 2880 862 2910 πολιτῶν
881 2882 928 2908 καὶ

134 2925 277 2962 ἐπηλύδων
302 2926 476 2968 καθαγιάζων
505 2927 675 2964 φιλόχριστον
705 2928 846 2966 ἄθροισιν·
881 2929 926 2959 καὶ

981 987 1164 1019 inell‘ahilibus
1177 993 1258 1024 caput
1273 991 1503 1024 sacratissimum,
1518 999 1636 1028 quarum
1651 992 1771 1021 mundus

980 1041 1035 1061 non
1060 1034 1111 1061 fuit
1140 1043 1237 1071 capax,
1254 1037 1414 1065 innumeros
1431 1037 1585 1074 longosque
1607 1045 1658 1074 pro
1676 1038 1771 1067 divino

980 1081 1118 1115 praeconio
1143 1081 1253 1110 labores
1272 1083 1445 1122 perpessum!
1460 1083 1483 1110 0
1497 1083 1587 1111 virum
1608 1090 1671 1110 cum
1686 1083 1771 1111 cele-

980 1125 1070 1153 stibus
1091 1125 1237 1154 ordinibus
1263 1127 1448 1160 incedentem,
1464 1131 1492 1155 et
1514 1135 1547 1155 ea
1564 1128 1688 1156 locutum
1709 1136 1770 1164 qua:

979 1171 1128 1206 quemlibet
1143 1179 1298 1200 sermonem
1318 1176 1346 1201 et
1365 1180 1477 1201 sensum
1490 1173 1646 1204 excellunt!
1664 1173 1687 1202 Ο
1703 1174 1770 1202 divi—

979 1217 1122 1245 nissimam
1133 1218 1251 1246 animam
1259 1219 1346 1253 illam,
1361 1227 1423 1256 qua
1437 1227 1539 1248 corona
1549 1221 1650 1257 stipata
1658 1222 1770 1257 angelo—

979 1270 1041 1291 rum
1073 1263 1107 1291 ad
1133 1265 1257 1293 coelestia
1285 1266 1405 1297 culmina
1437 1267 1566 1300 evolavit,
1597 1275 1680 1303 quam
1704 1268 1769 1296 dum

978 1311 1122 1346 magniﬁce
1135 1311 1169 1339 ad
1183 1312 1277 1348 gloriae
1284 1313 1429 1341 Dominum
1439 1318 1467 1342 et
1477 1319 1668 1343 coronatorem
1675 1314 1769 1343 Jesum

979 1356 1151 1390 ascenderet,
1167 1364 1217 1393 pro
1232 1358 1361 1393 gloriosis
1372 1359 1512 1387 laboribus
1525 1360 1645 1395 praamiis
1661 1363 1769 1387 auctam

979 1402 1080 1438 singuli
1098 1403 1258 1439 angelorum
1274 1404 1386 1432 ordines
1406 1405 1563 1440 laudarunt,
1580 1414 1613 1434 ac
1629 1409 1769 1434 certamen

978 1446 1066 1482 ipsius
1089 1448 1209 1483 praemiis
1227 1448 1312 1487 389
1333 1457 1365 1478 ac
1385 1450 1554 1485 laudatione,
1577 1460 1639 1488 qua:
1658 1453 1770 1488 angelos

978 1492 1076 1526 decet,
1092 1495 1229 1522 munerati
1255 1499 1335 1529 sunt;
1365 1504 1448 1532 quam
1464 1498 1619 1527 communis
1644 1499 1770 1534 ipsorum

978 1539 1104 1568 laudator
1116 1540 1207 1569 divine
1218 1549 1251 1569 ac
1263 1542 1405 1577 aptissime
1413 1543 1604 1578 concinnavit;
1617 1552 1700 1581 quam
1712 1552 1770 1572 cm-

979 1585 1056 1614 lestis
1070 1585 1253 1620 Hierusalem,
1269 1596 1335 1616 suas
1350 1589 1438 1624 ipsius
1452 1594 1545 1624 portas
1554 1591 1689 1626 aperiens,
1706 1592 1768 1620 sinu

978 1633 1101 1667 suscepit
1116 1640 1177 1666 suo,
1192 1642 1275 1670 quam
1290 1633 1413 1663 Ecclesia
1433 1636 1692 1672 primogenitorum,
1708 1645 1770 1673 qua:

978 1676 1008 1704 in
1022 1678 1101 1706 cmlis
1123 1679 1236 1715 ascripti
1255 1684 1330 1712 sunt,
1349 1681 1501 1716 amplexata
1515 1686 1572 1716 est;
1590 1691 1672 1718 quam
1687 1684 1770 1719 spiri-

978 1727 1024 1752 tus
1036 1729 1063 1752 et
1087 1725 1186 1752 anima:
1198 1725 1348 1760 justorum,
1361 1727 1468 1762 piorum
1483 1732 1510 1756 et
1528 1728 1672 1756 humilium
1687 1730 1770 1758 corde

978 1771 1008 1798 in
1018 1771 1135 1808 Vjustitia
1151 1776 1178 1800 et
1195 1773 1351 1807 sanctitate,
1372 1774 1513 1802 moderata
1527 1782 1560 1802 ac
1576 1775 1668 1803 divina
1684 1776 1768 1804 animi

978 1818 1134 1857 :rqualitate
1152 1818 1182 1847 in
1195 1819 1298 1847 mundo
1315 1824 1461 1853 versatam,
1476 1825 1504 1849 et
1518 1821 1599 1849 ﬁdem
1612 1822 1646 1850 ad
1658 1823 1770 1858 sangui-

978 1871 1040 1890 nem
1052 1871 1139 1903 usque
1156 1865 1279 1893 animose
1289 1865 1454 1900 profeSsam,
1470 1870 1498 1894 et
1517 1874 1566 1902 pro
1584 1867 1644 1902 ipsa
1664 1872 1766 1904 marty-

978 1909 1021 1937 rio
1033 1909 1165 1943 functam,
1178 1911 1206 1940 in
1220 1911 1311 1939 sinum
1324 1912 1462 1947 suscepit!
1479 1912 1521 1940 0b
1536 1921 1618 1949 quam
1630 1914 1769 1948 apostolo-

978 1963 1040 1982 rum
1058 1955 1159 1984 chorus
1175 1957 1304 1985 decenter
1324 1958 1458 1994 gloriatus
1479 1963 1532 1988 est.
1560 1959 1589 1986 In
1603 1967 1657 1995 qua
1675 1963 1769 1988 vatum

979 2008 1122 2032 sacrorum
1151 2007 1240 2032 coetus
1264 2004 1385 2040 gestiens
1413 2005 1572 2039 exsultavit,
1594 2010 1621 2033 et
1647 2006 1769 2034 celebres

979 2053 1131 2076 conventus
1147 2049 1212 2084 agit,
1228 2053 1311 2085 atque
1330 2050 1456 2078 laetatur:
1472 2055 1499 2079 et
1517 2059 1578 2079 eam
1602 2051 1689 2079 eliuso
1704 2059 1769 2087 pro-

979 2093 1047 2127 priis
1073 2094 1102 2122 in
1127 2096 1325 2124 certaminibus
1349 2097 1483 2133 sanguine
1511 2097 1712 2130 ﬂorescentem.
1736 2105 1769 2125 ac

979 2139 1058 2178 quasi
1073 2140 1148 2176 regia
1163 2148 1285 2176 purpura
1298 2142 1412 2170 tinctam
1432 2143 1486 2171 ιωιὶ
1501 2146 1635 2180 martyres
1648 2143 1769 2179 pralm'iis

979 2186 1110 2213 cumulati
1121 2187 1246 2214 ambiunt
1259 2191 1286 2215 et
1299 2192 1444 2218 exornant.

1015 2232 1096 2262 Beata
1117 2233 1200 2268 igitur
1221 2233 1394 2270 praedicanda
1419 2235 1515 2263 civitas
1531 2239 1584 2268 est,
1607 2243 1668 2271 quae
1690 2239 1768 2264 tuum

980 2280 1099 2307 maxime
1122 2281 1310 2309 venerandum
1329 2285 1412 2318 caput
1433 2289 1449 2309 a
1471 2281 1527 2310 Deo
1545 2286 1718 2316 coronatum,
1741 2287 1770 2311 et

980 2325 1116 2361 pretiosas
1132 2326 1262 2362 reliquias
1279 2328 1441 2361 asservavit,
1449 2333 1532 2364 atque
1551 2329 1668 2356 duorum
1683 2329 1767 2357 etiam

979 2372 1244 2408 condiscipulorum,
1253 2382 1323 2410 quos
1335 2378 1465 2410 tanquam
1473 2375 1601 2404 victimas
1613 2376 1769 2404 immacula-

978 2421 1022 2446 tas
1036 2422 1063 2446 et
1079 2420 1237 2447 suavissimi
1257 2421 1350 2449 odoris
1371 2422 1526 2455 incensum,
1552 2422 1609 2451 Deo
1632 2423 1766 2452 obtulisti.

979 2463 1002 2492 0
1016 2464 1171 2492 divinorum
1188 2473 1345 2502 praeconum
1369 2475 1402 2495 ac
1426 2476 1596 2496 summorum
1620 2469 1767 2505 praesulum

978 2514 1006 2538 et
1020 2515 1171 2547 martyrum
1202 2513 1383 2549 amplissime!
1400 2514 1433 2541 Et
1459 2522 1539 2543 sacro
1557 2520 1649 2544 vestro
1669 2522 1768 2545 cruore

979 2557 1104 2591 tinctam,
1119 2566 1152 2586 ex
1169 2567 1224 2594 quo
1240 2560 1375 2588 medicina
1391 2562 1515 2597 quadam
1533 2569 1566 2590 ac
1579 2563 1668 2591 fontes
1686 2562 1720 2590 ad
1736 2563 1768 2589 li-

978 2602 1039 2631 dem
1055 2604 1288 2640 confugientibus,
1303 2610 1330 2634 et
1344 2608 1515 2636 curationem
1526 2613 1622 2636 contra
1636 2609 1766 2636 molestas

978 2650 1154 2685 aegritudines
1184 2653 1396 2688 exposcentibus
1430 2655 1587 2689 perenniter
1617 2655 1766 2690 proﬂuunt.

979 2696 1067 2730 Quam
1078 2705 1141 2727 vere
1155 2698 1233 2726 beata
1246 2699 1371 2728 Parisina
1385 2700 1494 2733 civitas,
1506 2709 1567 2736 quae
1577 2701 1766 2736 magnitudine

979 2744 1088 2779 quidem
1103 2744 1197 2773 Galliae
1208 2746 1365 2775 civitatibus
1380 2747 1464 2780 cedit,
1476 2747 1541 2775 dum
1556 2755 1621 2775 vero
1631 2751 1668 2779 te,
1685 2754 1702 2775 ο
1717 2747 1768 2775 do-

978 2796 1084 2818 ctorum
1105 2792 1343 2826 praestantissime,
1354 2793 1513 2822 thesaurum
1530 2793 1656 2821 omnibus
1669 2795 1766 2822 mundi

980 2836 1084 2865 divitiis
1097 2837 1299 2872 pretiosiorem,
1320 2838 1348 2865 in
1375 2838 1560 2866 haereditatem
1583 2839 1697 2874 accepit,
1715 2848 1764 2875 pa-

979 2887 1145 2918 tronumque
1166 2889 1193 2911 et
1217 2885 1409 2912 excubatorem
1424 2885 1579 2918 acquisivit,
1596 2885 1765 2920 splendidior

978 2929 1085 2961 cunctis
1104 2929 1250 2978 etJbeaLigr
1264 2930 1398 2971 appellata
1417 2931 1472 2960 est!
1487 2930 1517 2958 Ei
1534 2931 1607 2959 enim
1622 2936 1650 2962 ut
1662 2934 1763 2961 sancti-
