1950 3065
219 123 271 152 667

811 127 838 155 S.
860 126 1012 155 DIONYSU
1035 126 1268 158 AREOPAGlT/E

1789 134 1836 162 668

218 181 286 210 tudo
299 181 420 209 cmlcstis
431 181 513 210 datus
527 189 568 215 es,
582 182 629 217 qui
643 186 744 212 emtum
765 183 866 212 civium
883 189 911 213 et
925 185 1002 213 adve-

1058 188 1241 223 πνευματικὸς
1265 188 1353 220 ὄλϐος,
1369 188 1473 224 τρυφὴν
1488 187 1616 223 πορίζων,
1626 189 1656 216 ού
1670 189 1719 225 τὴν
1734 189 1778 218 τὸν
1793 199 1839 219 σω.

219 235 316 255 narum
342 227 444 255 Christi
470 228 603 256 colentem
632 233 757 257 sanctum
777 230 910 259 efﬁceres.
923 230 1007 259 Datus

217 280 249 301 es
262 274 287 301 ei
302 273 384 301 etiam
400 277 429 300 ut
443 275 569 302 cmlestes
583 273 701 307 divitiae,
716 283 778 310 qua
801 275 914 305 delicias
937 284 1008 313 pra:-

217 317 324 351 berent,
337 326 393 346 non
407 327 454 346 eas
469 327 529 355 quae
542 320 719 355 supercilium
729 322 854 357 corporis
866 322 1005 356 attollunt,

217 365 379 400 dulcemque
403 365 436 393 ad
459 366 540 394 breve
563 368 670 401 tempus
686 370 796 402 gustum
822 368 961 402 exhibent,
979 372 1006 396 et

217 411 344 439 celeriter
364 411 495 440 labuntur
517 415 597 446 atque
628 411 768 447 deﬁciunt,
789 421 857 448 quas
880 417 953 441 terra
978 417 1006 442 et

218 464 296 484 mare
314 456 481 492 producunt,
495 461 522 485 et
537 457 613 486 sinus
627 465 706 487 sacer
718 466 750 487 ac
761 458 860 487 ﬂuvius
880 459 1005 495 piscosos

217 503 424 539 profundusque
445 504 620 533 circumdans
642 510 669 534 et
690 506 900 534 circumsonans
919 507 1005 535 altum

217 549 375 578 tenentibus
391 549 502 579 Niliacis
524 551 638 579 aemulus
653 550 771 579 ﬂuentis.
798 550 891 580 Murus
915 551 1004 580 muni-

219 595 344 623 tissimus
361 596 514 631 oppositus,
526 604 581 623 non
595 596 750 624 labentibus
766 600 793 624 et
804 597 895 632 politis
911 597 1004 625 electis

216 640 351 675 lapidibus
378 642 558 677 compositus,
583 642 807 678 propugnaculis,
833 642 955 670 turribus
977 646 1005 670 et

185 682 188 685 ’
219 693 360 713 murorum
375 685 491 722 fastigiis
510 690 538 714 ut
553 686 673 715 ferreum
692 692 798 723 septum
813 689 923 716 innixus
933 708 940 721 ,
956 689 1005 717 sed

216 737 264 760 tua
279 736 443 767 tuorumque
457 733 671 760 commilitonum
685 734 891 762 consecratione
906 734 1004 762 l‘unda-

216 781 273 810 tus,
289 777 443 812 vestrisque
454 786 518 813 erga
530 777 614 806 Deum
630 778 755 814 benignis
769 779 899 814 precibus
913 780 1002 815 ignem

214 832 231 852 e
249 824 319 851 coelo
334 824 533 852 deducentibus
555 824 695 857 fundatus,
710 832 771 860 qum
797 825 1003 862 quinquagena-

217 869 285 901 rios,
301 869 383 904 390
396 874 422 896 et
438 871 623 902 centuriones,
633 877 665 898 ac
677 870 844 900 millenarios
857 860 1004 900 cumibar-
1017 860 1040 887 Β

214 915 315 944 baricis
342 916 452 943 illorum
487 917 653 944 exercitibus
683 917 838 946 absumant.
870 918 1004 948 Salutaris

213 965 310 997 portus
334 962 490 997 propositus
517 970 558 995 es,
574 963 728 998 suscipiens
752 971 800 992 eos
822 965 869 999 qui
893 973 927 992 ex
942 965 1003 994 vitae

213 1006 297 1042 hujus
313 1010 476 1042 tempestate
493 1007 526 1035 ad
541 1011 649 1043 portum
661 1009 786 1042 tendunt,
798 1013 826 1037 et
839 1014 946 1044 pratum
959 1018 1004 1038 ra-

214 1053 316 1082 ιὶοιιειῐο
332 1053 403 1090 quod
424 1053 594 1089 omnigenam
609 1054 846 1090 circumjecentem
865 1057 1004 1085 temerita-

216 1103 280 1131 tem.
297 1104 426 1136 tanquam
445 1100 542 1129 hortus
558 1100 603 1129 ille
619 1101 667 1137 qui
683 1105 742 1128 erat
755 1102 784 1128 in
797 1101 884 1134 Eden,
899 1107 1000 1131 arceat.

213 1145 243 1172 lu
259 1146 310 1174 hac
335 1151 411 1174 tuum
432 1147 636 1176 sanctissimum
651 1149 782 1183 templum
804 1152 926 1177 erectum
948 1152 1000 1183 est,

213 1192 288 1227 quod
303 1200 384 1221 omne
399 1193 534 1229 singulari
557 1193 724 1229 benignitate
742 1194 867 1223 ﬁdelibus
884 1195 1001 1231 refrige-

211 1237 283 1265 rium
311 1242 433 1274 prazstat,
461 1247 492 1267 ac
520 1239 689 1274 quibuslibet
719 1240 832 1275 spiritus
863 1241 1001 1270 alimentis

213 1284 367 1319 oppositam
386 1292 508 1312 mensam
532 1285 635 1321 implet,
652 1293 713 1321 qua:
727 1287 836 1314 animas
847 1287 940 1319 satiat,
956 1286 1003 1315 llo-

211 1336 273 1356 rere
288 1330 436 1365 compellit,
449 1335 531 1366 atque
549 1331 735 1367 incorruptam
751 1333 832 1359 vitam
859 1333 999 1368 elargitur.

211 1373 283 1411 Ergo
298 1375 372 1403 sicut
395 1376 508 1405 Parisiis
523 1377 615 1406 divino
629 1380 656 1405 et
680 1377 786 1406 caelesti
813 1383 895 1414 atque
920 1378 1002 1414 spiri-

212 1421 281 1448 tuali
293 1422 373 1449 altari
391 1421 534 1457 insistens,
550 1423 621 1451 inter
633 1430 681 1451 eos
694 1423 742 1459 qui
767 1428 857 1451 tecum
876 1425 1001 1452 coronati

211 1470 277 1494 sunt
306 1467 412 1496 medius
440 1468 588 1505 benignum
616 1468 720 1503 Jesum,
743 1469 871 1497 universo
898 1469 1000 1497 mundo

211 1513 360 1547 propitium
376 1513 505 1547 reddens,
521 1522 601 1550 quem
616 1514 746 1549 dilexisti,
764 1523 845 1550 quem
869 1515 1000 1550 prtedica-
1013 1528 1034 1558 ο

212 1560 258 1591 sti,
277 1567 325 1595 per
338 1567 419 1595 quem
435 1560 524 1595 capite
539 1564 682 1589 truncatus
694 1569 823 1589 coronam
835 1561 915 1597 digne
927 1566 1001 1589 retu-

211 1605 279 1638 listi,
297 1613 372 1633 nunc
385 1613 433 1633 eos
448 1605 495 1641 qui
515 1605 543 1633 in
560 1614 666 1634 sacram
680 1614 713 1634 ae
734 1607 916 1634 venerandam
932 1607 1002 1634 hanc

212 1656 288 1679 tuam
303 1651 489 1679 celebritatem
502 1655 529 1679 et
542 1653 742 1688 optatissimam
757 1652 916 1680 memoriam
932 1652 1003 1680 cele-

210 1699 275 1726 bres
299 1701 451 1726 conventus
477 1702 580 1734 agunt,
604 1699 758 1732 laudantes,
776 1706 808 1726 ac
837 1699 1002 1735 martyrium

213 1744 325 1780 praemio
340 1743 533 1779 dignissimum
555 1743 734 1776 honorantes,
748 1743 881 1778 aspicere,
899 1743 1002 1777 ample-

211 1790 283 1824 xari,
301 1793 384 1825 atque
407 1789 441 1816 iis
457 1788 526 1817 bene
548 1789 666 1824 precari,
685 1796 718 1816 ac
742 1789 890 1824 benignum
917 1788 1002 1816 Deum

211 1836 359 1872 propitium
380 1835 503 1868 reddere,
520 1840 547 1863 et
562 1834 690 1870 precibus
706 1835 871 1869 compellare
886 1834 963 1867 velis,
976 1838 1003 1862 te

214 1882 332 1909 maxime
348 1888 380 1908 ac
394 1881 564 1910 divinissime
578 1881 688 1917 prmsul,
705 1884 856 1916 martyrum
874 1880 1003 1909 illustris-

212 1926 292 1957 sime.
305 1927 482 1955 obsecramus
496 1930 553 1954 uta
569 1927 693 1954 molestia
707 1926 778 1960 vitm,
805 1934 866 1962 quae
885 1934 935 1954 nos
949 1927 1004 1954 cir-

212 1975 342 2004 cumstat,
358 1971 489 2006 liberare;
504 1972 676 2008 tyrannidem
690 1979 751 2007 quae
764 1978 817 2000 nos
833 1972 1004 2008 ingrassatur

213 2017 327 2051 tollere;
360 2025 505 2046 maerorem
542 2025 596 2053 quo
622 2018 704 2045 obsiti
728 2025 824 2045 sumus
854 2018 1002 2054 repellere;

212 2063 438 2098 tranquillitatem
450 2071 481 2091 ac
495 2063 658 2100 profundam
673 2063 835 2098 requietem,
855 2068 884 2092 et
901 2068 1003 2092 statum

213 2110 420 2146 perturbatione
430 2118 548 2139 vacuum
563 2110 697 2139 Eeclesiis
716 2110 850 2146 impertiri
864 2110 1002 2146 dignetur,

213 2160 243 2183 ut
256 2164 322 2191 pace
336 2157 495 2191 constituta,
511 2161 539 2185 et
554 2165 609 2184 una
619 2156 716 2185 divinae
728 2156 867 2193 religionis
883 2164 1001 2184 concor-

212 2202 268 2235 dia,
284 2207 311 2230 et
325 2203 440 2238 paritate
453 2203 562 2232 consilii
573 2203 827 2236 dominante,verus
839 2206 866 2230 et
880 2210 1004 2230 summus
1018 2196 1041 2224 Ι)

211 2248 258 2276 ille
273 2253 376 2284 pastor,
393 2253 420 2277 et
445 2251 573 2285 princeps
592 2250 667 2285 pacis
682 2248 810 2277 Christus
826 2248 860 2275 ab
875 2248 1002 2276 omnibus

213 2295 380 2322 unanimiter
394 2296 569 2331 gloriticetur.
583 2296 670 2329 Quem
680 2295 758 2323 decet
772 2294 861 2322 omnis
874 2293 960 2329 gloria
975 2299 1003 2322 et

213 2340 312 2373 honor,
331 2341 474 2376 imperium
504 2349 567 2368 cum
597 2341 657 2376 ejus
683 2340 778 2373 Patre,
793 2341 840 2376 qui
865 2340 1003 2375 principio

213 2391 300 2418 caret,
316 2386 438 2421 ejusdem
454 2385 625 2419 substantias,
641 2391 668 2415 et
684 2386 788 2422 Spiritu
810 2390 907 2414 sancto
923 2386 1002 2414 beni-

214 2439 278 2466 gno,
296 2432 412 2466 vitaeque
434 2432 540 2465 datore,
552 2439 626 2460 nunc
646 2436 673 2460 et
687 2440 805 2468 semper,
815 2436 842 2460 et
864 2432 893 2460 in
906 2439 1001 2468 perpe-

213 2481 276 2505 tuas
291 2477 452 2506 saeculorum
467 2479 644 2508 mternitates.
655 2478 752 2507 Amen.

1059 233 1172 269 ματικὸν
1188 234 1268 269 δγκον
1282 235 1458 268 αὑξάνουσαν,
1479 235 1526 262 καὶ
1545 235 1613 271 πρὸς
1631 235 1716 271 βραχὺ
1729 236 1775 263 τὸν
1790 237 1838 272 φά-

1059 287 1147 315 ρυγγα
1165 279 1375 314 γλυκαίνουσαν,
1399 280 1447 307 καὶ
1465 279 1560 307 θᾶττον
1576 280 1781 317 ἀπολλυμένην,
1794 283 1837 310 καὶ

1057 323 1212 358 φθίνουσαν,
1229 324 1263 360 ἦν
1289 324 1324 360 γῆ
1347 323 1393 351 καὶ
1417 324 1536 353 θάλασσα
1559 325 1648 361 φέρει,
1676 326 1722 353 καὶ
1744 327 1837 360 κόλπος

1058 369 1164 404 ἱέρειος,
1193 370 1240 396 καὶ
1259 370 1381 406 ποταμὸς
1408 370 1567 406 ίχθυοφόρος
1590 371 1637 399 καὶ
1654 371 1836 408 βαθύρρους,ό

1055 414 1226 448 περικυκλῶν
1240 415 1287 444 κα).
1303 415 1440 451 περιηχῶν
1455 416 1511 447 τοῖς
1528 415 1701 450 πελαγίζουσι
1723 417 1836 453 νειλῴοις

1055 458 1242 495 ἁμιλλώμενος
1257 459 1384 495 χεύμασι.
1402 458 1497 495 Τεῖχος
1508 458 1679 495 ὀχυρώτατον
1691 460 1836 496 προϐέϐλη-

1055 512 1112 536 σαι,
1129 503 1167 539 ,οὐ
1186 505 1278 540 ῥυτοῖς
1297 513 1327 531 τε
1353 504 1400 532 καὶ
1417 503 1520 537 ξεσταῖς
1539 504 1735 541 ὲξειλεγμένοις
1759 506 1837 539 λίθοις

1054 547 1191 584 ήρμολογη
1196 548 1275 584 μένον
1286 557 1317 575 τε
1333 548 1381 576 καὶ⁵
1394 549 1585 585 δεδομημένον,
1604 550 1652 576 καὶ
1667 551 1835 588 προμαχῶσι,

1055 594 1102 621 καὶ
1118 593 1243 630 πύργοις,
1256 595 1303 622 καὶ
1317 594 1461 627 ἐπάλξεσιν
1475 595 1684 631 ὲρηρεισμένον,
1693 595 1749 623 οἷον
1760 597 1837 634 ἕρκος

1055 640 1194 676 σιδήρεον,
1210 640 1277 667 ἀλλά
1300 641 1333 676 τῇ
1351 642 1384 676 σῇ
1401 648 1433 667 τε
1455 641 1503 668 καὶ
1518 641 1573 668 τῶν
1591 641 1646 668 σῶν
1669 642 1837 678 συναθλητῶν

1053 685 1282 721 τεθεμελιωμένον
1291 685 1422 722 ἁγιστείᾳ,
1432 686 1542 718 καὶταῖς
1549 686 1694 724 ὑμετέραις
1701 688 1837 724 πρὸςθεὸν

1053 730 1239 767 εὐπροσώποις
1249 731 1461 768 πεπυργωμένον
1475 732 1621 765 ἐντεύξεσι,
1633 732 1687 768 πῦρ
1696 733 1837 769 οὐρανόθεν

1054 776 1246 811 καταγούσαις,
1258 776 1509 813 πεντηκοντάρχους
1520 786 1550 804 τε
1566 778 1612 805 καὶ
1628 779 1837 814 ἑκατοντάρχους

1055 822 1102 848 καὶ
1127 822 1281 858 χιλιάρχους
1303 822 1441 855 ἀντιθέους
1461 823 1509 850 σὺν
1522 824 1579 855 τοῖς
1597 823 1685 851 αὐτῶν
1709 824 1837 860 βαρϐαρι-

1053 869 1111 900 κοῖς
1146 867 1340 895 καταναλίσκον
1366 868 1562 904 στρατεύμασι.
1590 869 1678 905 Λιμὴν
1697 871 1837 905 πρόκεισαι

1053 915 1194 950 σωτήριος,
1206 914 1270 946 τοὺς
1280 915 1311 941 ὲκ
1328 913 1457 950 βιωτικῆς
1475 915 1740 951 προσορμιζομένους
1756 915 1838 952 ζάλης

1053 964 1262 1001 ὑποδεχόμενος,
1272 964 1318 991 καὶ
1340 965 1469 1000 παντοίαν
1493 965 1687 1001 περιστατικὴν
1701 965 1838 1002 ἀπείργων

1053 1012 1227 1048 περιπέτειαν
1239 1020 1245 1027 ·
1274 1011 1374 1047 λειμὼν
1390 1011 1493 1048 νοητὸς,
1511 1011 1549 1043 ὡς
1566 1013 1581 1039 ὁ
1594 1012 1622 1039 ὲν
1645 1012 1725 1048 Ἐδὲμ
1748 1013 1838 1050 παρά-

1052 1058 1148 1090 δεισος,
1173 1057 1256 1084 καὶτὸ
1282 1057 1327 1084 σὸν
1344 1057 1486 1094 ἱερώτατον
1508 1057 1551 1084 ἐπ’
1579 1058 1646 1094 αὐτῇ
1674 1059 1840 1092 πεφύτευται

1051 1104 1163 1139 τέμενος
1179 1104 1268 1131 πᾶσαν
1294 1102 1339 1130 διὰ
1352 1103 1403 1139 τῆς
1418 1103 1522 1130 ὲνοίκου
1536 1103 1646 1139 χάριτος
1665 1105 1720 1136 τοῖς
1734 1106 1838 1137 πιστοῖς

1050 1148 1226 1184 ψυχαγωγίαν
1248 1149 1443 1185 παρεχόμενον,
1464 1149 1512 1176 καὶ
1527 1149 1709 1182 παντοδαπαῖς
1722 1159 1840 1186 πνευμα-

1050 1196 1140 1227 τικαῖς
1157 1195 1266 1227 ἐδωδαῖς
1289 1194 1442 1231 πλήθουσαν
1460 1195 1672 1231 παρατιθέμενον
1688 1196 1838 1231 τράπεζαν,

1050 1238 1138 1274 ψυχὰς
1147 1238 1288 1271 ἐστιῶσαν,
1296 1239 1342 1265 καὶ
1349 1238 1454 1265 θάλλειν
1462 1239 1600 1273 ποιοῦσαν,
1609 1239 1655 1267 καὶ
1666 1239 1738 1276 ζωὴν
1747 1240 1840 1277 προξε-

1050 1284 1146 1313 νοῦσαν
1166 1285 1214 1320 τὴν
1231 1285 1376 1320 ἄφθαρτον.
1403 1284 1445 1316 Ὠς
1460 1281 1506 1312 οὖν
1520 1286 1549 1312 ἐν
1578 1286 1697 1322 Παρισίᾳ
1719 1286 1759 1322 τῷ
1774 1287 1841 1323 θείῳ

1051 1330 1097 1357 καὶ
1114 1331 1274 1366 ἐπουρανίῳ,
1289 1331 1335 1357 καὶ
1346 1331 1431 1366 νοερῷ
1443 1330 1626 1367 θυσιαστηρίῳ
1638 1332 1840 1368 παριστάμενος

1050 1375 1104 1401 τῶν
1121 1375 1175 1401 σῶν
1199 1376 1399 1410 συστεφανιτῶν
1416 1377 1593 1412 μεσούμενος,
1609 1377 1654 1403 τὸν
1669 1377 1842 1412 εὐμείλικτον

1051 1421 1120 1458 ὑπὲρ
1132 1421 1178 1448 τοῦ
1195 1421 1296 1457 κόσμου
1305 1422 1404 1454 παντὸς
1412 1422 1648 1458 ὲκμειλισσόμενος
1664 1423 1777 1458 Ἰησοῦν,
1794 1424 1842 1450 τὸν

1049 1467 1173 1502 ἀληθινὸν
1188 1467 1263 1500 Θεὸν,
1281 1468 1328 1494 καὶ
1344 1467 1473 1504 ίεράρχην
1485 1488 1492 1500 ,
1510 1468 1556 1495 καὶ
1575 1469 1780 1504 στεφανοδότην,
1793 1469 1842 1496 καὶ

1050 1511 1227 1547 πάσηςαίτιὸν
1235 1521 1265 1539 τε
1273 1513 1444 1549 καζπάροχον
1450 1513 1638 1549 ἀγαθωσύνης,
1645 1513 1673 1541 ὸν
1680 1513 1842 1549 ήγάπήκας,

1052 1555 1253 1593 ὃνκεκήρυχας,
1270 1548 1341 1584 δι’ξν
1356 1557 1457 1593 αὐχένα
1472 1558 1584 1593 τμηθεὶς
1600 1548 1684 1591 ἀξίως
1693 1548 1726 1585 τὸ
1742 1548 1843 1593 στέφος

1052 1602 1214 1638 ἀπείληφας,
1221 1604 1284 1635 τοὺς
1295 1603 1343 1630 νῦν
1357 1604 1613 1640 συναγηγερμένους
1631 1605 1672 1637 εἰς
1680 1604 1785 1640 ταύτην
1793 1613 1843 1632 σου

1051 1649 1100 1684 τὴν
1118 1648 1193 1684 ἱερὰν
1207 1649 1253 1676 καὶ
1274 1649 1375 1685 σεπτὴν
1392 1651 1554 1687 πανήγυριν,
1575 1651 1623 1678 καὶ
1647 1651 1696 1687 τὴν
1719 1651 1845 1689 πανερά-

1052 1694 1131 1730 σμιόν
1148 1702 1193 1720 σου
1208 1695 1316 1730 μνήμην
1332 1695 1513 1732 ἑορταστικῶς
1526 1696 1766 1729 ὲκτελοῦντας,καὶ
1791 1697 1845 1733 τὴν

1052 1739 1245 1774 ἀξιογέραστον
1261 1740 1411 1776 ὑμνοῦντάς
1437 1750 1467 1768 τε
1485 1742 1531 1768 καὶ
1553 1742 1690 1778 τιμῶντας
1714 1742 1844 1779 ἄθλησιν,

1053 1785 1221 1818 ὲποπτεύοις,
1248 1786 1294 1813 καὶ
1318 1787 1458 1823 περιέποις
1469 1808 1476 1820 ,
1494 1788 1541 1815 καὶ
1562 1788 1719 1824 εὐλογοίης,
1734 1788 1783 1815 τὸν
1799 1790 1843 1816 οἰ-

1052 1830 1186 1866 κτίρμονα
1201 1831 1268 1860 Θεὸν
1285 1831 1468 1868 ὲξιλεούμενος
1476 1833 1522 1860 καὶ
1532 1833 1701 1870 πρεσϐεύων,
1709 1834 1846 1870 ἀρχιερεῡ

1053 1878 1173 1905 θειότατε
1199 1879 1245 1905 καὶ
1277 1880 1421 1916 μαρτύρων
1447 1881 1679 1916 περιφανέστατε,
1711 1881 1763 1916 τὴν
1792 1881 1847 1917 μὲν

1052 1923 1103 1958 τῆς
1125 1923 1375 1960 περιστοιχιζούσης
1408 1924 1469 1959 βίας
1497 1924 1644 1960 ὲπάχθειαν
1673 1925 1847 1960 ἀποστῆσαι,

1053 1969 1099 1996 καὶ
1114 1968 1163 2005 τὴν
1180 1969 1240 1996 καθ’
1257 1969 1336 2005 ἡμῶν
1351 1970 1495 2005 τυραννίδα
1512 1970 1704 2004 καταπαῦσαι,
1727 1972 1776 1998 καὶ
1792 1971 1850 2007 τὴν

1053 2014 1257 2050 ὲπαχλύζουσαν
1274 2014 1411 2051 ἐπαμῦναι
1428 2017 1593 2052 κατήφειαν·
1607 2016 1727 2052 γαλήνην
1744 2016 1773 2043 δὲ
1791 2019 1846 2044 καὶ

1054 2060 1164 2095 βαθεῖαν
1185 2060 1334 2096 ἀταραξίαν
1355 2062 1416 2093 ταῖς
1445 2061 1605 2097 ἐκκλησίαις
1628 2061 1844 2097 ὲπιϐραόεῦσαι,

1053 2105 1192 2142 εξρηναίαν
1212 2106 1388 2139 κατάστασιν,
1397 2107 1480 2140 ὅπως,
1496 2106 1606 2142 εἰρήνης
1622 2106 1846 2144 βραϐευομένης,

1053 2151 1101 2178 καὶ
1114 2152 1178 2187 μιᾶς
1186 2151 1257 2178 θείου
1270 2152 1403 2187 δόγματος
1413 2151 1571 2187 συμφωνίας
1583 2153 1629 2179 καὶ
1636 2153 1760 2188 ὁμονοίας
1771 2163 1851 2190 κρα-

1053 2196 1188 2233 τούσης,ὁ
1202 2196 1286 2229 ὅντως
1301 2196 1468 2234 ἀρχιποιμὴν
1484 2197 1532 2224 καὶ
1547 2198 1712 2233 εῑρηνάρχης
1721 2198 1853 2235 Χριστὸς

1056 2243 1132 2280 παρὰ
1147 2243 1256 2270 πάντων
1271 2243 1429 2279 ὁμοφρόνως
1444 2243 1590 2276 δοξάζοντο,
1607 2239 1631 2277 ᾧ
1647 2244 1748 2279 πρέπει
1763 2246 1853 2273 πᾶσι

1052 2289 1126 2321 δόξα,
1143 2289 1190 2316 καὶ
1204 2288 1289 2325 τιμὴ,
1306 2289 1353 2316 καὶ
1370 2289 1470 2325 κράτος
1492 2290 1540 2317 σὺν
1564 2289 1604 2324 τῷ
1628 2289 1740 2326 ἀνάρχῳ
1756 2291 1852 2318 αὐτοῦ

1053 2337 1099 2362 καὶ
1114 2335 1249 2371 ὁμοουσίῳ
1264 2335 1418 2371 Γεννήτορι,
1433 2335 1481 2362 καὶ
1495 2335 1535 2371 τῷ
1550 2335 1674 2371 παναγίῳ
1697 2337 1745 2363 καὶ
1773 2337 1856 2371 ἀγι-

1052 2381 1107 2417 θῷ,
1125 2382 1173 2408 καὶ
1197 2381 1320 2417 ζωοποιῷ
1342 2381 1425 2408 αὑτοῦ
1447 2381 1586 2417 Πνεύματι
1604 2401 1612 2415 ,
1637 2381 1687 2408 νῦν
1711 2381 1760 2409 καὶ
1790 2383 1856 2415 ἀεὶ,

1053 2430 1100 2456 καὶ
1116 2430 1156 2461 εις
1171 2428 1234 2460 τοὺς
1249 2427 1418 2464 ἀπεράντως
1433 2427 1534 2460 αἰῶνας
1545 2427 1599 2455 τῶν
1607 2426 1724 2455 αἰώνων.
1742 2427 1858 2464 Ἀμήν.
