1950 3065
213 147 262 175 671

795 144 824 172 S.
844 141 992 171 DIONYSII
1009 138 1240 168 ABEOPAGITE

1769 134 1817 160 67!

215 206 303 233 lorum
318 204 496 240 pmmittens.
518 203 713 232 Verumtamen
734 203 880 236 antequam
903 201 998 227 beatus

1053 197 1187 233 ἐκχύσεως
1200 196 1256 232 (57)
1273 195 1321 222 τοῦ
1339 194 1473 231 μακαρίου
1489 194 1578 221 αὐτῶν
1593 193 1716 228 αἳματος,
1723 192 1767 219 καὶ
1778 192 1819 219 διὰ

213 251 311 280 Petrus
326 251 440 279 victoria
454 251 578 287 martyrii
592 251 675 278 vitam
696 256 757 284 qua:
768 248 796 275 in
816 254 900 282 regno
913 246 998 273 coelo-

213 304 276 325 rum
289 291 407 332 degitur,
415 297 530 326 meritus
542 300 625 329 esset,
634 296 714 324 beato
723 293 857 322 Clementi
872 291 1000 320 Ecclesiae

214 346 377 378 potestatem
396 343 492 371 tribuit
510 343 554 371 his
563 342 654 370 verbis
671 351 678 368 :
694 340 749 368 (Ut
762 348 778 368 a
798 339 913 367 Domino
937 343 998 364 meo

212 390 278 419 Jesu
292 389 401 418 Christo
423 389 525 425 ligandi
539 392 621 425 atque
640 387 763 416 solvendi
785 386 852 414 mihi
867 390 999 413 concessa

213 439 255 463 est
278 439 417 470 potestas,
442 435 484 463 sic
502 435 625 463 eamdem
650 441 758 469 quoque
781 431 998 468 potestatemin

213 485 374 517 perpetuum
387 481 436 508 tibi
449 481 484 508 do
497 484 523 508 et
532 480 668 512 tribuo,ut
681 477 873 515 quemcunque
888 478 915 504 in
925 481 999 504 terra

213 527 339 562 ligaveris
352 547 359 559 ,
389 527 417 554 in
432 527 511 554 ccelis
538 526 640 562 ligatus
656 526 720 554 sit.»
746 525 823 552 lianc
836 526 999 558 potestatem

211 571 319 606 plenam
333 575 360 599 et
382 571 530 605 perfectam
555 571 674 606 posteris
690 571 736 606 qui
752 569 865 607 perfecti
883 574 910 598 et
923 570 999 607 digni

211 621 304 645 essent
316 617 345 645 in
359 617 490 646 Ecclesiis
502 618 598 652 praeire
609 638 617 651 ,
633 622 735 645 sortem
747 617 789 645 vel
812 617 999 645 hiereditatem

179 694 181 696 ,
212 664 332 699 reliquit.
349 664 387 692 Ac
399 663 433 692 de
448 664 491 692 his
505 664 625 700 quidem,
639 664 767 699 quoniam
785 671 818 692 ex
830 663 1000 691 connexione

211 710 460 746 consecutioneque
473 711 546 738 illius
559 711 716 746 apostolicae
727 709 856 738 Ecclesia:
870 709 1000 745 temporis

211 763 299 790 pauca
310 755 441 790 diximus,
465 757 500 784 ad
529 757 601 784 beati
617 756 740 792 Dionysii
759 756 910 784 certamina
933 762 1002 782 con—

211 800 344 828 vertimus
366 801 530 834 orationem,
547 807 587 834 ut,
601 802 672 829 sicut
685 801 788 830 dictum
813 803 865 832 est,
882 807 916 828 ex
933 803 1000 827 tem-

212 853 310 881 porum
330 847 524 882 consequentia
537 847 572 875 de
588 855 621 875 eo
636 855 722 882 pauca
737 854 891 874 narremus.

1048 245 1127 279 νίκης
1158 243 1307 279 μαρτυρίου
1335 242 1419 275 ἀξίως
1429 261 1437 274 ,
1460 241 1508 268 καὶ
1523 240 1561 272 ὡς
1577 240 1651 266 ἄκων
1667 239 1820 275 προπέμψας

1050 289 1148 321 αὐτοὺς
1163 289 1203 321 είς
1218 289 1267 324 τὴν
1282 287 1336 315 τῶν
1361 286 1484 324 οὐρανῶν
1508 285 1654 322 βασιλείαν.
1669 286 1759 320 Ὅμως
1771 283 1820 320 πρὸ

1048 336 1097 363 τοῦ
1112 336 1158 362 τὸν
1175 335 1308 371 μακάριον
1321 334 1422 370 Πέτρον
1443 332 1487 360 διὰ
1503 333 1552 368 τῆς
1564 331 1642 367 νίκης
1658 331 1706 358 τοῦ
1725 340 1820 368 μαριυ-

1051 381 1108 418 ρίου
1125 381 1324 417 καταξιωθῆναι
1340 380 1391 415 τῆς
1407 380 1435 406 ἐν
1450 381 1484 415 τῇ
1499 378 1554 405 τῶν
1566 378 1688 414 οὐρανῶν
1710 377 1822 414 βασιλείᾳ

1049 428 1242 463 συνδιαγωγῆς,
1265 427 1304 462 τῷ
1329 426 1456 463 μακαρίῳ
1482 425 1619 461 Κλήμεντι
1646 424 1695 460 τὴν
1709 423 1822 457 ἐξουσίαν

1048 475 1099 510 τῆς
1115 474 1279 510 Ἐκκλησίας
1288 472 1420 509 παρέθετο
1432 472 1518 506 λέγων
1527 480 1534 486 ·
1549 481 1558 497 ι
1576 471 1681 506 Ὠσπερ
1696 470 1768 506 παρὰ
1778 470 1823 497 τοῦ

1049 521 1152 556 Κυρίου
1176 528 1226 556 μου
1251 518 1338 554 Ἰησοῦ
1367 517 1484 554 Χριστοῦ
1512 517 1591 544 λῦσαι
1611 517 1659 543 καὶ
1676 516 1753 552 δῆσαι
1767 515 1824 550 ἐμοὶ

1049 565 1196 602 δεδώρηται
1212 565 1330 598 ἐξουσία,
1350 564 1421 591 οὕτω
1433 563 1480 591 καὶ
1492 564 1540 599 τὴν
1555 563 1639 598 αὐτὴν
1649 562 1769 595 ἐξουσίαν
1783 563 1825 589 αἱ-

1049 613 1135 644 ωνίως
1145 611 1282 648 δωροῦμαί
1298 619 1339 637 σοι
1350 611 1396 637 καὶ
1407 610 1500 645 δίδωμι
1511 609 1578 645 (58),
1587 609 1632 636 ίνα
1645 608 1675 635 ὃν
1689 608 1769 644 δήσῃς
1783 608 1826 634 ἐπὶ

1049 658 1099 693 τῆς
1117 657 1179 692 γῆς,
1191 657 1265 683 ἔσται
1280 655 1418 691 δεδεμένος
1434 655 1462 681 ἐν
1478 656 1535 686 τοῖς
1550 654 1682 690 οὐρανοῖς.
1696 662 1706 679 ι
1725 653 1826 688 Ταύτην

1049 703 1098 739 τὴν
1113 702 1236 735 ἐξουσίαν
1254 701 1470 737 πεπληρωμένην
1491 702 1547 732 τοῖς
1563 699 1709 734 μετέπειτα
1721 698 1828 730 τελείοις

1051 750 1098 776 καὶ
1112 749 1196 782 ἀξίοις
1211 749 1240 775 ἐν
1266 748 1327 780 sui;
1349 746 1508 783 ἐκκλησίαις
1524 745 1664 782 προελθεῖν
1680 745 1829 772 καταλέλοι-

1051 805 1086 823 «ιιε
1098 796 1206 831 κλῆρον.
1223 794 1292 829 Περὶ
1316 793 1365 829 μὲν
1380 792 1481 820 τούτων
1505 793 1538 818 ἐκ
1552 791 1602 826 τῆς
1618 790 1774 822 ἀκολουθίας
1784 789 1830 816 τοῦ

1051 844 1110 871 κατ’
1134 843 1222 869 ἐκεῖνο
1243 839 1338 876 καιροῦ
1356 839 1407 874 τῆς
1432 846 1462 866 τε
1487 837 1666 872 ἀποστολικῆς
1688 837 1831 872 ἐκκλησίας

211 891 240 917 ἐι
256 892 337 928 ὀλίγῳ
353 893 557 928 διηγησάμενοι,
577 893 623 920 ἐπὶ
635 894 697 925 τοὺς
720 893 767 920 τοῦ
799 894 933 931 μακαρίου
958 890 1095 921 Διονυσίου
1118 888 1227 922 ἀγῶνας
1247 886 1402 922 μετενέγκω
1423 884 1469 912 τὸν
1490 884 1578 918 λόγον,
1600 884 1654 916 ἵνα,
1670 883 1761 915 καθὼς
1786 882 1832 909 λέ-

211 938 312 970 λεκται,
328 939 360 965 ὲκ
368 938 419 974 τῆς
438 938 492 965 τῶν
514 938 617 974 χρόνων
640 939 799 971 ἀκολουθίας
823 939 887 975 περὶ
906 937 988 966 αὐτοῦ
999 936 1078 970 ὀλίγα
1091 933 1278 967 διεξέλθωιιεν.

248 1025 314 1054 Post
339 1026 525 1054 clarissimum
554 1025 662 1055 Domini
691 1031 718 1056 et
745 1027 794 1056 Dei
819 1027 907 1056 nostri
932 1026 999 1057 Iesu

211 1071 315 1100 Christi
329 1072 357 1099 in
383 1072 469 1102 caelos
492 1080 658 1106 ascensum,
675 1074 771 1102 beatus
794 1073 916 1107 Paulus,
937 1073 1000 1108 Spi-

212 1118 284 1144 ritus
298 1117 388 1144 sancti
400 1125 534 1146 concessu
549 1122 577 1146 et
591 1127 716 1152 munere,
730 1121 764 1147 ab
775 1127 868 1148 errore
883 1119 1001 1156 perﬁdiae

212 1160 241 1188 in
257 1161 329 1188 viam
351 1162 450 1190 salutis
469 1162 561 1196 rediit,
578 1163 616 1190 ita
637 1168 668 1191 ut
694 1164 774 1192 tidem
788 1168 816 1192 et
830 1164 1000 1200 religionem,

212 1214 295 1242 quam
314 1207 395 1242 paulo
409 1211 472 1235 ante
490 1209 713 1244 oppugnavissct,
725 1209 834 1237 tandem
854 1209 999 1244 expletam,

212 1260 276 1280 cum
301 1253 382 1281 laude
399 1257 426 1281 et
437 1254 523 1289 gloria
536 1255 733 1290 praedicaverit,
749 1255 910 1290 Dominique
921 1255 1002 1284 instia

212 1302 273 1326 tuto
285 1299 313 1326 in
328 1299 455 1335 gentibus
466 1300 554 1328 factus
564 1301 600 1328 sit
613 1309 661 1330 vas
675 1301 826 1329 electionis.
847 1301 916 1328 Tum
928 1301 1001 1329 enim

212 1351 271 1373 tun
288 1345 396 1375 Domini
408 1347 495 1374 nostri
508 1345 574 1375 Jesn
587 1347 691 1375 Christi
706 1355 807 1375 nomen
819 1347 922 1383 ignaris
935 1355 1002 1383 gen-

211 1390 286 1419 tibus
302 1391 465 1427 praedicans,
480 1392 601 1420 Athenas
616 1393 700 1426 venit,
717 1397 798 1429 atque
817 1393 855 1421 ibi
875 1397 1002 1421 sanctum

212 1436 296 1463 etiam
308 1437 397 1466 virum
413 1437 487 1465 hunc
498 1437 676 1473 Dionysium,
691 1438 813 1474 gentium
828 1438 952 1468 moribus
974 1441 1003 1466 et

212 1480 347 1510 institutis
360 1481 441 1518 paulo
462 1485 525 1510 ante
550 1482 734 1517 implicatum,
751 1483 785 1510 ad
810 1483 883 1510 viam
904 1483 1002 1512 salutis

212 1526 297 1555 ductu
311 1535 363 1555 suo
376 1527 459 1564 396
477 1528 623 1560 convertit,
635 1535 752 1564 eumque
765 1533 939 1556 sacrosancto
953 1529 1003 1556 ba-

213 1573 325 1608 ptismo,
342 1577 372 1601 ut
387 1574 425 1601 ita
441 1574 531 1602 dicam
542 1594 551 1608 ,
569 1578 759 1610 regeneratum
776 1579 802 1604 et
819 1579 945 1603 renatum
959 1575 1003 1603 di-

212 1617 277 1644 vina
303 1618 449 1647 sanctitate
467 1626 565 1647 rursus
588 1619 769 1647 conﬁrmavit.
786 1618 856 1647 Tum
884 1620 1000 1652 scilicet.

1086 1023 1164 1055 Μετὰ
1175 1023 1223 1059 τὴν
1241 1022 1288 1050 τοῦ
1304 1021 1407 1058 Κυρίου
1427 1021 1474 1048 καὶ
1489 1019 1557 1047 Θεοῦ
1573 1020 1651 1056 ἡμῶν
1664 1019 1751 1057 Ἰησοῦ
1766 1021 1839 1057 Χρι-

1052 1071 1115 1098 στοῦ
1126 1069 1298 1104 ἐνδοξοτάτην
1315 1066 1459 1103 ἀνάληψιν,
1475 1066 1522 1094 ὅτε
1537 1067 1552 1093 ὁ
1575 1066 1706 1103 μακάριος
1722 1066 1836 1094 ἀπόστοα

1050 1117 1096 1150 λος
1109 1116 1214 1148 Παῦλος
1229 1114 1273 1141 διὰ
1295 1114 1344 1150 τῆς
1369 1114 1479 1149 χάριτος
1503 1112 1551 1139 τοῦ
1577 1112 1656 1147 ἀγίου
1680 1112 1837 1147 Πνεύματος

1051 1163 1105 1190 ἀπὸ
1119 1163 1169 1198 τῆς
1183 1161 1287 1196 πλάνης
1299 1160 1348 1196 τῆς
1364 1158 1492 1191 ἀπιστίας
1502 1159 1542 1191 είς
1560 1158 1619 1185 ὁδὸν
1633 1158 1768 1194 σωτηρίας
1779 1159 1839 1185 ἐπέ-

1053 1209 1178 1245 στρεψεν,
1186 1207 1256 1234 ὥστε
1270 1207 1370 1238 πίστιν,
1382 1206 1416 1241 ἢν
1428 1204 1524 1241 πρώην
1536 1204 1714 1241 ἐπολέμησεν,
1725 1205 1754 1231 ἐν
1761 1204 1840 1240 ἐσχά-

1050 1263 1107 1286 τοις
1123 1253 1341 1289 πεπληρωμένην
1365 1253 1395 1279 ἐν
1407 1251 1469 1288 δόξῃ
1486 1250 1604 1288 κηρύξαι
1614 1271 1623 1285 ,
1639 1251 1686 1278 καὶ
1698 1250 1769 1278 κατά
1788 1251 1840 1286 τὴν

1051 1300 1098 1328 τοῦ
1124 1300 1227 1336 Κυρίου
1248 1298 1369 1332 διάταξιν
1388 1297 1483 1330 σκεῦος
1501 1296 1616 1333 ἐκλογῆς
1645 1297 1792 1333 γεγένηται
1812 1298 1842 1324 ἐν

1051 1348 1107 1379 τοῖς
1123 1346 1227 1373 ἔθνεσι·
1244 1345 1307 1372 τότε
1334 1344 1389 1380 γὰρ
1404 1343 1465 1371 τότε
1489 1343 1631 1379 κηρύττων
1645 1342 1676 1369 τδ
1691 1342 1779 1378 δνομα
1793 1342 1843 1369 τοῦ

1051 1394 1156 1430 Κυρίου
1171 1391 1251 1428 ἡμῶν
1272 1390 1359 1427 Ἰησοῦ
1373 1389 1492 1426 Χριστοῦ
1507 1390 1564 1421 τοῖς
1575 1388 1720 1424 ἀγνοοῦσιν
1740 1388 1844 1421 ἔθνεσι,

1052 1439 1217 1475 παρεγένετο
1233 1439 1262 1466 ὲν
1285 1437 1430 1473 Ἀθήναις·
1454 1436 1566 1464 κάκεῖσε
1588 1434 1635 1463 τὸν
1657 1435 1733 1470 ἅγιον
1757 1435 1846 1471 ἄνδρα

1052 1485 1156 1512 τουτονὶ
1171 1484 1318 1516 Διονύσιον,
1337 1482 1451 1513 ἐθνικοῖς
1473 1481 1546 1508 ἔθεσι
1561 1480 1656 1517 πρώην
1679 1482 1845 1517 ἐμπεριεχὸ-

1054 1539 1144 1568 μενον,
1161 1531 1200 1563 είς
1224 1529 1283 1557 ὁδὸν
1300 1527 1436 1565 σωτηρίας
1451 1527 1588 1563 ὁδηγήσας
1611 1526 1779 1563 ἐπέστρεψε,
1798 1528 1847 1554 καὶ

1052 1577 1092 1613 τῷ
1119 1577 1183 1613 ἱερῷ
1209 1575 1375 1612 βαπτίσματι
1399 1574 1593 1610 ἀναγεννήσας,
1621 1573 1682 1609 θείᾳ
1702 1574 1848 1611 ἁγιωσύνῃ

1053 1621 1131 1655 αὖθις
1147 1623 1296 1658 ἐστερέωσε
1309 1630 1317 1637 ν
1331 1621 1391 1648 τότε
1407 1620 1440 1657 δὴ
1455 1620 1500 1647 ὅτε
1515 1620 1564 1652 τὰς
1579 1619 1700 1652 ἀκάνθας
1720 1618 1780 1655 (59)
1799 1619 1849 1646 καὶ

213 1670 278 1690 cum
292 1663 387 1698 spinas
402 1668 429 1691 et
445 1664 563 1693 carduos
576 1665 680 1694 erroris
705 1673 740 1694 ex
760 1665 897 1701 prolundo
909 1666 1001 1694 cordis

1053 1669 1191 1707 τριϐόλους
1205 1669 1256 1704 τῆς
1272 1667 1377 1702 πλάνης
1392 1667 1425 1694 ἐκ
1436 1665 1484 1695 τοῦ
1502 1664 1584 1701 βυθοῦ
1597 1665 1648 1701 τῆς
1663 1664 1776 1701 καρδίας
1795 1665 1849 1692 αὓ-

213 1708 286 1743 ejus,
299 1708 419 1744 Spiritus
436 1709 525 1737 sancti
541 1709 673 1739 beneﬁcio
687 1714 715 1738 et
739 1711 828 1748 gratia
851 1711 943 1740 evellit
969 1718 1002 1739 ac

213 1755 360 1789 praecidit,
389 1755 565 1792 fructumque
592 1760 619 1784 et
648 1764 746 1784 novam
780 1764 915 1793 gemmam
945 1757 1004 1785 sive

212 1808 336 1836 germen,
352 1805 383 1829 ut
398 1802 427 1830 in
445 1803 518 1831 bona
543 1806 615 1830 terra
641 1802 784 1838 irrigatum
807 1803 900 1831 divino
920 1803 1003 1831 verbo

213 1845 298 1882 at'que
313 1847 377 1874 hinc
392 1848 623 1883 contemplatione
636 1848 732 1876 edidit.
745 1848 815 1876 Cum
834 1855 899 1876 vero
920 1849 1003 1876 etiam

214 1891 320 1919 Christi
336 1891 437 1919 milites
458 1891 580 1927 quotidie
601 1891 694 1920 divino
714 1892 807 1920 amore
829 1891 1002 1925 inﬂammati,

215 1937 243 1965 in
257 1945 354 1965 omnes
381 1941 474 1973 partes
499 1937 591 1965 divina
613 1938 701 1974 gratia
726 1945 845 1975 superne
868 1945 923 1965 una
941 1946 1003 1966 cum

215 1983 284 2019 ipsis
300 1987 440 2019 prmeunte
454 1988 598 2012 currerent
614 1988 693 2019 ;tum
707 1985 804 2013 beatus
829 1992 938 2020 quoque
959 1984 1004 2013 hic

216 2030 374 2067 Dionysius,
389 2031 482 2059 crucis
497 2035 590 2058 aratro
607 2038 684 2061 mare
705 2030 868 2065 difﬁndens,
888 2031 1004 2061 Athenis

213 2074 328 2103 Romam
343 2083 359 2103 a
369 2075 475 2105 caelesti
490 2075 638 2112 divinaque
647 2076 805 2109 voluntate,
817 2080 847 2104 ut
862 2084 876 2103 a
893 2076 948 2106 Deo
961 2078 1004 2106 di-

212 2121 310 2154 lectus,
326 2129 375 2157 per
401 2121 474 2150 viam
499 2121 633 2149 deductus
663 2121 749 2151 venit.
763 2121 924 2158 Ingressus,
940 2131 1003 2152 cum

213 2167 323 2196 beatum
333 2168 502 2197 Clementem
515 2168 742 2205 invenisset,qui,
757 2173 787 2196 ut
801 2177 885 2205 supra
900 2169 1002 2197 dictum

213 2216 267 2248 est,
281 2214 439 2248 apostolicae
453 2214 527 2243 sedis
538 2218 700 2250 potestatem
711 2214 839 2248 habebat,
851 2215 886 2250 ab
896 2223 929 2243 eo
940 2223 1002 2243 cum

213 2259 296 2295 digno
311 2260 415 2288 honore
430 2261 534 2294 statim,
544 2265 575 2289 ut
589 2261 661 2289 vires
676 2261 865 2296 suppetebant,
877 2266 1003 2297 receptus

212 2309 265 2333 est.
279 2304 372 2340 quue
388 2310 511 2341 tempore
535 2314 598 2334 cum
620 2307 717 2335 beatus
731 2307 773 2335 vir
795 2307 952 2344 Dionysius,
969 2307 1003 2335 ad

1052 1714 1099 1742 τοῦ
1113 1714 1158 1741 διὰ
1170 1714 1220 1749 τῆς
1235 1714 1346 1750 χάριτος
1359 1711 1407 1739 τοῦ
1423 1711 1501 1746 ἀγίου
1526 1710 1685 1746 Πνεύματος
1705 1711 1847 1746 ἀπέτεμε,

1053 1761 1101 1788 καὶ
1129 1760 1235 1796 καρπὺν
1251 1759 1299 1786 καὶ
1314 1759 1374 1785 νέον
1391 1757 1535 1794 βλάστημα
1550 1757 1589 1789 ὡς
1604 1758 1633 1784 ἐν
1649 1759 1682 1793 τῇ
1699 1756 1794 1792 ἀγαθῇ
1812 1758 1850 1793 γῇ

1053 1806 1232 1842 ἀρδευόμενον
1245 1805 1310 1840 θείῳ
1324 1803 1396 1839 λόγῳ
1410 1804 1459 1831 καὶ
1474 1804 1508 1839 τῇ
1525 1803 1650 1830 ἐντεῦθεν
1666 1802 1769 1839 θεωρίᾳ
1784 1803 1853 1830 ἀνέ-

1052 1851 1153 1885 δειξενο
1171 1851 1215 1877 ὅτε
1231 1850 1260 1877 δὲ
1275 1850 1321 1876 καὶ
1337 1849 1362 1876 οί
1375 1847 1493 1885 Χριστοῦ
1505 1847 1679 1884 στρατιῶται,
1690 1847 1852 1883 ὁσημέραι,

1053 1897 1093 1935 τῷ
1119 1896 1184 1931 θείῳ
1215 1895 1296 1932 ἔρωτι
1317 1894 1494 1930 φλεγόμενοι,
1513 1893 1667 1928 πανταχόσε
1687 1893 1776 1926 ἔθεον,
1797 1893 1855 1928 τῆς

1054 1942 1128 1974 θείας
1136 1942 1245 1977 χάριτος
1254 1939 1356 1968 ἄνωθεν
1365 1940 1457 1971 αὐτοῖς
1468 1948 1499 1966 συ
1503 1938 1766 1975 μπροπορευομένης
1777 1938 1852 1974 (60)·

1053 1988 1114 2016 τότε
1132 1988 1179 2015 καὶ
1194 1987 1208 2016 6,
1226 1986 1358 2022 μακάριος
1373 1986 1464 2012 οὐτοσὶ
1479 1985 1625 2018 Διονύσιος,
1641 1984 1681 2020 τῷ
1696 1984 1745 2011 τοῦ
1763 1993 1858 2011 σταυ-

1056 2033 1102 2070 ροῦ
1119 2033 1226 2069 ἀρότρῳ
1247 2032 1297 2068 τὴν
1314 2031 1450 2059 Θάλασσαν
1474 2030 1620 2066 διατεμὼν,
1646 2030 1701 2058 ἀπὸ
1723 2030 1858 2066 Ἀθηνῶν

1052 2079 1102 2116 τὴν
1124 2078 1234 2115 Ῥώμην
1251 2077 1398 2106 κατέλαὸεν
1413 2077 1531 2113 οὐρανίῳ
1554 2076 1603 2103 καὶ
1618 2076 1682 2112 θείῳ
1699 2076 1857 2112 θελήματι,

1052 2125 1091 2157 ὡς
1108 2125 1160 2152 ὑπὸ
1175 2124 1242 2151 Θεοῦ
1258 2122 1446 2159 ὴγαπημένος,
1464 2122 1644 2159 ὀδηγούμενος
1661 2122 1729 2158 (6i).
1748 2122 1858 2149 Εἰσελ-

1054 2169 1108 2196 θὼν
1123 2169 1152 2197 δέ
1168 2169 1216 2196 καὶ
1232 2168 1319 2204 εὑρὼν
1334 2168 1380 2195 τὸν
1401 2167 1535 2203 μακάριον
1547 2167 1703 2202 Κλήμεντα,
1720 2166 1760 2197 ὡς
1774 2166 1860 2193 ἀνω-

1053 2216 1126 2252 τέρω
1140 2215 1258 2252 εἴρηται,
1274 2215 1324 2251 τὴν
1339 2215 1389 2250 τῆς
1402 2213 1584 2248 ἀποστολικῆς
1599 2212 1734 2248 καθέδρας
1750 2212 1861 2245 ἔχοντα

1054 2260 1187 2294 ἐξουσίαν,
1201 2259 1271 2296 μετὰ
1280 2260 1330 2295 τῆς
1345 2259 1519 2296 καθηκούσης
1530 2258 1613 2294 τιμῆς
1619 2257 1730 2289 εὐθέως,
1741 2258 1782 2289 ὡς
1796 2256 1862 2285 οἷόν

1053 2317 1084 2335 τε
1099 2306 1144 2344 ἦν,
1161 2307 1348 2334 ὑποδέδεκται.
1371 2306 1427 2333 Καὶ
1448 2307 1478 2332 ἐν
1501 2304 1576 2340 αύτῷ
1598 2303 1637 2340 τῷ
1663 2303 1753 2339 καιρῷ
1771 2304 1825 2330 ὅτε
1844 2305 1863 2331 ὁ

213 2350 286 2379 beati
300 2351 449 2380 Clementis
464 2353 579 2389 vestigia
594 2357 621 2381 et
636 2354 721 2389 pedes
743 2353 873 2386 accessit.
892 2357 1001 2389 aposto-

1057 2354 1190 2390 μακάριος
1206 2353 1276 2389 ἀνὴρ
1301 2352 1437 2384 Διονύοτος
1459 2351 1507 2378 τοῦ
1535 2350 1669 2386 μακαρίου
1685 2349 1863 2385 Κλήμεντος

213 2395 329 2430 liaeque
347 2397 489 2425 sanctitati
513 2405 543 2426 se
567 2398 734 2432 insinuavit,
759 2402 818 2427 tum
842 2399 901 2434 ipse
919 2399 1002 2427 etiam

214 2441 344 2476 magister
364 2441 519 2472 declaratus
531 2463 540 2476 ,
563 2448 590 2472 et
605 2453 681 2473 more
693 2446 826 2481 magistro
840 2445 1004 2481 dignissimo

215 2494 232 2515 a
254 2492 351 2516 sancto
373 2489 514 2518 Clemente
535 2490 699 2525 honoratus,
722 2492 939 2528 dignitatemque
965 2493 1001 2522 ab

162 2555 166 2558 .
215 2542 250 2562 eo
266 2538 294 2562 et
310 2535 482 2571 aptissimum
496 2537 639 2570 honorem,
656 2543 686 2565 ut
706 2545 722 2565 a
735 2538 791 2567 Deo
806 2540 921 2575 gratiam
938 2540 1003 2567 ade-

216 2584 282 2616 ptus
305 2582 464 2617 reportavit,
475 2587 502 2611 et
525 2583 635 2611 interim
663 2584 734 2612 Deus
761 2593 853 2612 rerum
881 2585 1003 2613 omnium

217 2631 373 2662 praepotens
401 2627 482 2655 beato
504 2627 635 2664 Dionysio
661 2633 793 2665 praeterea
822 2630 919 2658 tribuit
943 2630 1006 2657 vitae

217 2674 386 2702 seminandaz
397 2673 523 2703 idoneam
544 2674 712 2710 facultatem,
727 2677 774 2712 qui
793 2676 827 2704 ad
846 2684 897 2705 nos
919 2684 1006 2712 usque

216 2721 357 2756 religionis
372 2729 455 2749 causa
468 2721 596 2749 omnibus
613 2723 748 2757 apparuit.
764 2721 834 2750 Tum
845 2722 927 2749 etiam
943 2730 1006 2750 san-

216 2771 279 2794 ctus
291 2767 417 2796 Clemens
429 2767 584 2804 Philippum
599 2768 743 2805 quemdam
757 2768 894 2804 Hispania:
903 2768 1007 2804 cpisco-

217 2819 282 2846 pum
296 2813 418 2848 praefecit
432 2835 440 2848 ,
464 2817 628 2850 potestatem
653 2823 773 2851 quoque,
785 2823 867 2850 quam
890 2815 948 2851 ipse
963 2815 1005 2842 di-

218 2857 299 2886 vinus
313 2859 439 2889 Clemens
464 2867 479 2887 ο
503 2861 583 2890 beato
598 2861 678 2890 Petro
695 2861 856 2899 iacccperat,
879 2862 904 2890 ei
929 2861 1005 2898 dedit

1054 2401 1110 2432 τοῖς
1127 2400 1211 2435 ῑχνεσι
1228 2399 1461 2435 προσήγγισε,καὶ
1475 2399 1509 2433 τῇ
1522 2396 1686 2432 ἀποστολικῇ
1702 2395 1864 2434 ἁγιωσύνῃ

1055 2446 1151 2474 ἑαυτὸν
1167 2445 1337 2482 ἐμπαρέθετο
1351 2444 1520 2476 διδάσκαλος,
1543 2444 1591 2471 καὶ
1610 2443 1690 2474 αὐτὸς
1716 2443 1861 2477 ἀποφαν-

1056 2492 1122 2524 θεὶς,
1139 2492 1186 2519 καὶ
1208 2491 1302 2528 τρόπῳ
1318 2490 1358 2527 τῷ
1383 2490 1515 2526 πρέποντι
1536 2489 1690 2524 διδασκάλῳ
1716 2487 1773 2514 ὑπὸ
1803 2487 1864 2514 τοῦ

1056 2538 1134 2573 ἁγίου
1156 2538 1313 2574 Κλήμεντος
1339 2537 1476 2573 τιμηθεὶς,
1500 2537 1548 2563 καὶ
1567 2535 1645 2569 ἀξίαν
1665 2534 1733 2570 παρ’
1761 2534 1864 2560 αὐτοῦ

1057 2584 1104 2611 καὶ
1119 2584 1289 2619 οἰκειοτάτην
1305 2582 1397 2618 τιμὴν,
1414 2582 1452 2614 ὡς
1468 2580 1619 2617 παράΘεοῦ
1627 2579 1745 2615 εἰληφὼς
1751 2580 1862 2615 χάριν,

1057 2630 1212 2666 ἐκομίσατο,
1229 2629 1277 2656 καὶ
1291 2629 1321 2656 ἐν
1337 2629 1391 2664 ὅσῳ
1406 2628 1472 2659 Θεὸς
1487 2628 1502 2654 ὁ
1516 2626 1719 2661 παντοδύναμος
1735 2625 1780 2661 τῷ
1802 2634 1865 2662 μα.-

1058 2676 1146 2713 καρίῳ
1159 2675 1288 2712 Διονυσίῳ
1301 2675 1434 2710 ζωαρκεῖν
1449 2674 1615 2709 ἐδωρήσατο,
1631 2672 1685 2703 ἕως
1700 2671 1788 2707 ἡμῶν
1806 2672 1866 2698 αὑ-

1057 2723 1111 2750 τῶν
1127 2723 1209 2749 πᾶσιν
1221 2722 1263 2748 ἐπ’
1274 2721 1399 2756 εὺσεὸείᾳ
1406 2718 1577 2756 φανερώσας·
1594 2717 1642 2744 καὶ
1656 2718 1672 2744 ὁ
1681 2717 1761 2751 ἆγιος
1776 2716 1865 2752 Κλή-

1058 2777 1111 2804 μης
1118 2768 1179 2795 τότε
1185 2767 1315 2794 Φίλιππόν
1325 2775 1387 2793 τινα
1403 2765 1538 2797 Ἱσπανίας
1550 2764 1699 2791 ἐπίσκοπον
1712 2764 1865 2798 προεστή-

1058 2823 1133 2847 σατο,
1146 2814 1193 2840 καὶ
1206 2813 1256 2849 τὴν
1272 2812 1394 2846 ἐξουσίαν
1407 2812 1439 2847 ῆν
1452 2811 1534 2842 αὐτὸς
1547 2811 1561 2837 δ
1573 2810 1643 2841 θεῖος
1657 2809 1783 2845 Κλήμης
1801 2809 1866 2835 ἀπὸ

1056 2860 1102 2888 τοῦ
1123 2859 1257 2896 μακαρίου
1282 2859 1386 2895 Πέτρου
1409 2857 1498 2889 ἔλαϐε,
1515 2856 1629 2883 δέδωκεν
1641 2854 1730 2890 αὐτῷ,
1746 2854 1865 2894 λέγων
