1950 3065
99 179 144 208 675

598 172 819 205 MARTYRIUM,
838 171 1004 200 AUCTORE
1020 170 1209 200 METHODIO.

1668 171 1721 200 οτι

101 233 253 270 ιῐῐορευθεὶς
269 234 298 259 ὲν
317 222 488 267 τοῖςμέρεσι
502 230 553 265 τῆς
574 229 685 262 δύσεως,
704 228 822 264 κήρυξον
847 229 878 255 τὸ

936 228 981 257 his
1008 228 1122 256 verbis:
1152 237 1162 254 ς
1181 227 1360 255 Proﬁciscere
1385 227 1418 255 ad
1443 231 1536 264 partes
1554 227 1722 259 Occidentis.

100 280 257 315 Εὑαγγέλιον
264 280 314 313 τῆς
324 277 462 313 βασιλείας
472 276 526 303 τῶν
536 276 669 311 οὐρανῶν,
681 275 728 302 καὶ
742 275 821 310 δῆσαι
833 277 881 304 καὶ

98 329 170 355 λῦσαι
193 326 261 353 ἔστω
279 334 319 352 σοι
335 323 454 356 ἐξουσία,
474 323 518 349 ἴνα
534 322 581 349 τοῦ
594 321 714 358 Χριστοῦ
725 321 756 348 τὸ
767 321 884 355 Εὐαγγέ-

99 374 148 400 λιον
160 372 206 400 καὶ
222 371 267 398 διὰ
283 370 330 397 σοῦ
343 371 383 401 είς
401 370 488 405 μῆκος
504 369 550 396 καὶ
566 368 666 399 πλάτος
677 367 790 402 ἐκχυθῇ,
809 367 884 398 ὅπως

99 418 168 455 παρὰ
182 417 231 444 τοῦ
248 415 351 452 Κυρίου
367 415 405 447 ὼς
413 415 507 446 πιστὸς
518 414 609 445 δοῦλος
623 413 740 449 ἀξιωθῇς
756 412 882 445 ἀκοῦσαι,

99 465 148 497 Εὖ,
163 464 254 491 δοῦλε
269 462 361 498 ἀγαθὲ
383 462 431 489 καὶ
448 460 546 493 πιστὲ,
567 461 615 488 ἐπὶ
646 460 757 495 ὀλίγων
783 459 823 493 ἧς
840 466 885 485 πι-

98 511 175 544 στὸς,
187 510 235 536 ἐπὶ
251 508 375 536 πολλῶν·
386 516 423 534 σε
431 507 619 540 καταστήσω.
628 506 756 533 Εἵσελθε
770 506 813 538 εἰς
827 504 884 539 τὴν

99 557 188 593 χαρὰν
200 555 253 583 τοῦ
278 554 387 588 Κυρίου
417 561 483 581 σου.
507 563 517 579 ι
538 553 673 580 Κοινωνοὶ
697 552 726 579 δὲ
741 551 789 578 τοῦ
805 551 882 585 ἁγίου

98 602 228 630 Διονυσίου
244 599 313 636 ἦσαν
330 601 516 636 Σατουρνῖνος,
525 599 696 636 Μάρκελλος,
705 599 753 626 καὶ
768 599 885 625 Λουκια-

98 649 148 680 νὸς,
166 648 214 674 σὺν
230 645 304 682 αὐτῷ
315 646 400 677 ὄντες,
418 645 462 672 ἵνα
478 646 510 671 ἐκ
527 644 659 679 στόματος
675 644 722 671 δύο
738 642 785 671 καὶ
800 643 883 679 τριῶν

99 693 239 730 μαρτύρων
265 693 282 728 ἡ
300 691 354 718 τῶν
379 691 548 727 Χριστιανῶν
567 690 658 721 πίστις
672 691 729 721 τοῖς
758 688 884 724 ἀγνοοῦσι

99 740 189 776 μέρεσι
205 737 355 774 παραδοθῇ.
380 737 488 763 Τούτων
505 736 534 763 δὲ
549 736 617 771 ὁμοῦ
640 735 818 762 συνελθόντων
836 735 883 761 καὶ

97 785 292 821 πορευομένων,
309 781 391 819 ἦλθον
407 784 447 815 εἰς
462 783 558 818 λιμένα
586 781 753 818 Ἀριλαδιτῆς
769 780 881 812 πόλεως.

96 831 158 858 Τότε
174 831 189 857 δ
212 830 288 865 ἀγιος
315 830 470 861 Διονύσιος,
501 828 661 865 Μάρκελλον
684 828 723 860 εἰς
746 826 883 854 Ἱσπανίαν

96 876 262 908 ἀπέστειλεν,
281 876 324 903 ἵνα
338 876 385 902 τὸν
400 875 477 909 λόγον
494 875 544 910 τῆς
561 875 634 910 ζωῆς
648 876 708 906 ταῖς
724 873 883 908 ἐκκλησίαις

934 274 1044 309 illicque
1058 274 1176 309 pradica
1188 273 1365 310 Evangelium
1376 278 1455 310 regni
1464 275 1607 306 cminrum,
1621 274 1725 310 tibique

933 324 994 348 esto
1009 321 1112 356 ligandi
1133 327 1167 348 ac
1180 320 1302 348 solvendi
1319 324 1457 356 potestas,
1473 325 1504 348 ut
1517 319 1621 348 Christi
1635 320 1726 348 Evanv

934 368 1035 403 gelium
1052 371 1108 395 ate
1121 367 1204 395 etiam
1224 367 1304 403 longe
1328 368 1436 402 lateque
1460 367 1640 399 diffundatur,
1663 371 1725 395 uta

935 413 1053 440 Domino
1076 416 1206 448 tanquam
1232 412 1321 440 fidelis
1343 419 1441 439 servus
1464 411 1560 440 audire
1590 419 1724 440 mereare.

934 458 1007 494 Euge
1024 478 1032 490 ,
1064 466 1135 486 serue
1173 457 1237 485 bone
1260 462 1284 484 et
1324 457 1410 492 ﬁdelis
1429 477 1437 489 ,
1462 457 1525 493 quia
1556 463 1634 491 super
1655 464 1725 491 pa:-

933 513 966 532 ca
1000 504 1077 539 fuisti
1111 503 1197 538 ﬁdelis
1214 523 1222 536 ,
1254 511 1334 538 supra
1374 503 1460 530 multa
1500 507 1524 530 te
1553 503 1724 530 constituam.

935 550 1014 578 Intra
1041 550 1070 577 in
1093 550 1218 586 gaudium
1250 549 1356 577 Domini
1389 549 1427 576 tui
1453 553 1478 576 ιι.
1499 559 1509 575 ι
1530 548 1603 576 Socii
1635 554 1726 577 autem

933 597 1008 625 beati
1029 596 1151 632 Dionysii
1184 595 1296 624 fuerunt
1325 595 1512 626 Saturninus,
1529 593 1675 622 Marcellus
1699 597 1727 621 et

933 643 1072 671 Lucianus
1085 662 1092 674 ,
1108 642 1155 677 qui
1180 649 1243 669 cum
1263 649 1296 669 eo
1315 645 1405 672 erant.
1431 644 1460 667 ut
1482 648 1516 668 ex
1539 648 1588 668 ore
1608 639 1726 667 duorum

933 689 975 716 vel
998 689 1082 716 trium
1108 688 1243 721 testium,
1265 687 1332 716 fides
1357 687 1579 715 Christianorum
1603 685 1726 722 partibus

933 740 995 770 quae
1009 742 1069 762 eam
1087 733 1263 769 ignorabant,
1282 733 1446 761 traderetur.
1475 732 1509 760 Hi
1535 740 1597 760 cum
1626 739 1728 760 conve-

935 781 1054 814 nissent,
1070 784 1098 808 et
1113 788 1168 808 una
1189 781 1242 808 iter
1268 779 1401 812 facerent,
1419 783 1603 814 pervenerunt
1613 777 1647 805 ad
1660 785 1727 813 por-

934 831 992 855 tum
1016 827 1185 855 Arelatensis
1206 826 1294 854 urbis.
1318 825 1388 854 Tum
1414 829 1529 854 sanctus
1553 825 1702 861 Dionysius
1717 844 1725 857 ,

934 872 1064 901 Marcello
1078 874 1164 901 misso
1185 873 1214 900 in
1231 872 1407 908 Hispaniam,
1432 876 1461 900 ut
1474 872 1578 900 Christi
1594 871 1727 899 Ecclesiis

95 922 139 950 τοῦ
154 921 273 958 Χριστοῦ
290 921 453 957 παραθήσῃ·
471 921 552 952 αὐτὸς
567 920 594 946 δὲ
611 922 625 947 ὁ
650 920 727 954 ἆγιος
746 919 882 950 Διονύσιος

934 920 1049 947 verbum
1064 920 1126 947 vitae
1141 922 1317 955 proponeret,
1330 919 1388 954 ipse
1398 918 1518 953 Spiritus
1531 918 1619 946 sancti
1636 917 1728 945 calore

95 969 126 1004 τῇ
141 967 187 994 τοῦ
208 967 285 1002 ἁγίου
299 966 457 1002 Πνεύματος
473 965 561 1002 θέρμῃ
578 965 718 1000 ἀναφθεὶς,
739 965 785 993 καὶ
810 965 880 991 ἀπο-

96 1013 202 1049 στολικῇ
220 1010 373 1048 πληρωθεὶς
405 1011 529 1047 ἐξουσίᾳ,
547 1012 618 1048 ἀπερ
642 1011 718 1047 παρὰ
739 1010 786 1037 τοῦ
802 1011 880 1045 ἁγίου

95 1059 251 1094 Πνεύματος
267 1059 316 1085 σὺν
332 1057 371 1092 τῷ
388 1057 458 1092 ἁγίῳ
472 1057 610 1092 Κλήμεντι
631 1055 692 1084 θεῖα
707 1056 784 1091 λόγια
800 1064 881 1083 κατα-

96 1106 204 1140 σπεῖραι
229 1105 286 1136 τοῖς
302 1103 405 1131 ἔθνεσιν
421 1103 530 1136 ἐδέξατο
541 1123 548 1135 ,
563 1103 652 1130 πίστει
675 1103 791 1138 διένειμε
815 1103 883 1129 πᾶσι.

94 1152 148 1182 τοῖς
166 1151 304 1187 ἑσπερίοις
325 1150 430 1186 μέρεσι.
444 1150 501 1185 Τὴν
515 1149 685 1186 σκληρότητα
700 1150 728 1176 δὲ
739 1150 793 1176 τῶν
803 1149 882 1176 ἀπεί-

96 1205 149 1233 ρων
170 1197 258 1223 ἐκεῖσε
285 1195 369 1222 ἐθνῶν
387 1195 424 1231 μὴ
439 1194 575 1227 δεδοικὼς,
599 1195 666 1231 μηδὲ
686 1195 736 1227 τὰς
757 1195 884 1227 ἀσεϐείας

94 1242 141 1268 τοῦ
157 1240 222 1268 λαοῦ
249 1241 386 1277 φοϐηθεὶς,
411 1241 546 1277 προῆλθεν
561 1241 609 1267 ἐπὶ
631 1241 662 1267 τὸ
683 1242 827 1277 κήρυγμα,
844 1241 884 1277 τῷ

94 1288 140 1314 τοῦ
158 1288 292 1323 μακαρίον
322 1286 444 1323 ἀρχηγοῦ
473 1287 528 1314 τῶν
551 1286 705 1314 ἀποστόλων
726 1286 885 1323 στερεωθεὶς

95 1331 238 1367 πνεύματι,
255 1331 302 1358 τοῦ
316 1332 345 1359 ἐν
364 1331 457 1368 Ῥώμῃ
467 1331 624 1366 γενομένου,
637 1331 684 1358 καὶ
695 1329 817 1362 δοθέντος
828 1332 885 1363 τοῖς

94 1378 217 1410 ἀπίστοις
233 1378 301 1414 πρὸς
324 1372 470 1414 τιμωρίαν.
492 1378 548 1405 Καὶ
569 1378 614 1404 ὅτε
634 1379 687 1405 ἀπὸ
703 1378 754 1413 τῆς
770 1378 885 1410 Γαλλίας

94 1423 268 1460 ὑποστρέψας
288 1423 335 1450 ἐπὶ
352 1424 438 1451 πλείω
450 1424 506 1456 τοῖς
523 1423 638 1456 ἐθνικοῖς
656 1424 743 1451 ἔθεσιν
759 1424 886 1458 ἀναφθεῖ-

95 1479 144 1497 σαν
161 1470 230 1504 έγνω
246 1470 294 1505 τὴν
312 1469 415 1505 πλάνην
430 1470 479 1505 τῆς
491 1469 582 1506 χώρας
605 1470 723 1505 ἐκείνης,
733 1469 806 1502 τότε,
824 1470 885 1506 θείᾳ.

94 1515 404 1552 σκέπῃμχρηματισθεὶς,
421 1516 531 1548 δυνατὸς
551 1517 598 1543 καὶ
620 1516 744 1552 ἀληθινὸς
768 1516 887 1552 ἀθλητὴς

93 1562 238 1597 ἀπεδείχθη
249 1580 256 1594 ,
280 1562 428 1598 Ampelii/ag
451 1563 546 1589 ἑαυτὸν
571 1564 626 1595 τοῖς
645 1562 748 1597 ἀγῶσιν
759 1584 767 1597 ,
781 1564 835 1595 ἵνα,
847 1563 885 1595 ὼς

92 1607 167 1640 ἄξιος
185 1593 315 1643 ιζπάρχων
328 1593 476 1644 δμολογίας
493 1609 540 1635 καὶ
556 1593 723 1644 πληρώσεως
733 1629 741 1641 ,
759 1593 884 1643 γενέσθαί
899 1593 922 1624 C

93 1653 132 1689 μὴ
149 1653 253 1688 φοϐηθῇ
277 1654 324 1680 καὶ
350 1654 464 1690 μάρτυς.
490 1654 655 1686 Ἀκοιτανίας
677 1655 705 1682 δὲ
720 1657 777 1687 τοῖς
791 1656 886 1691 μέρεσι

91 1699 139 1725 τὸν
156 1699 233 1733 ἅγιον
260 1699 400 1726 ’Λντώνιον
413 1700 468 1734 (62)
485 1700 658 1732 ἀποστείλας,
676 1700 757 1733 αὐτὸς
778 1702 825 1728 σὺν
847 1701 886 1736 τῷ

91 1744 164 1780 ἁγίῳ
174 1745 326 1780 Λουκιανῷ,
339 1746 386 1773 καὶ
395 1745 433 1782 τῷ
447 1747 517 1782 ἁγίῳ
539 1747 687 1782 Ῥουστίκῳ
703 1748 750 1774 καὶ
763 1747 803 1783 τῷ
817 1748 886 1783 ἁγίῳ

96 1790 257 1827 Ἐλευθερίῳ
274 1792 303 1817 ἐν
320 1791 460 1827 Παρισίοις
482 1793 515 1828 τῇ
530 1792 605 1819 πόλει
615 1788 749 1829 ἐπορεύθη
767 1793 833 1828 (65).
857 1793 886 1820 '0

89 1835 170 1871 ἆγιος
187 1832 215 1863 δέ
231 1837 387 1870 Λουκιανὸς,
402 1839 600 1875 πρεσϐυτερικῇ
612 1840 677 1875 τιμῇ
694 1840 884 1876 τετιμημένος,

89 1883 132 1914 εἰς
147 1883 197 1919 τὴν
214 1883 408 1911 Βελουακένσιν
423 1885 564 1921 ἀπεστάλη
582 1885 668 1919 πόλιν,
684 1886 727 1913 ἵνα
743 1887 790 1913 καὶ
802 1887 886 1919 αὐτὸς

88 1928 193 1964 ὁμοίως
204 1931 260 1961 τοῖς
277 1930 401 1962 ἀπίστοις
426 1930 502 1963 λαοῖς
523 1932 554 1958 τὺ
569 1932 736 1967 Εὑαγγέλιον
754 1934 804 1969 τῆς
820 1934 885 1969 ἁλη-

90 1973 169 2005 θείας
185 1975 340 2012 παραθήσῃ.
365 1976 452 2008 Αὐτὸς
466 1976 495 2003 δὲ
515 1977 530 2003 ὀ
551 1977 628 2012 ἅγιος
656 1977 792 2010 Διονύσιος
807 1980 836 2005 ἐν
850 1981 883 2016 τῇ

89 2018 212 2054 Παρισίᾳ
226 2020 374 2054 διέμεινεν·
386 2021 538 2057 ἤτιςπόλις,
553 2023 605 2049 κᾶν
618 2024 703 2059 μικρὰ
711 2022 821 2060 ἧν,ἀλλ’
838 2024 884 2052 οὖν

88 2064 202 2100 ἐθνικῆς
218 2065 323 2100 πλάνης
335 2068 536 2105 πεπληρωμένη
550 2071 597 2097 καὶ
618 2079 650 2105 με
655 2072 789 2108 μιασμένη
798 2081 804 2087 ·
817 2072 885 2099 ἀλλὰ

87 2110 265 2145 καρποφόρος
281 2109 315 2147 ἦν
332 2113 379 2139 καὶ
391 2113 508 2149 δένδροις
518 2117 709 2153 κεκοσμημένη
723 2125 729 2132 ·
752 2117 885 2152 ἀμπέλοις

86 2154 118 2181 δὲ
127 2155 173 2181 καὶ
184 2155 308 2191 βότρυσιν
316 2157 353 2189 ὡς
369 2159 400 2184 ἐκ
407 2160 502 2194 πηγῶν
512 2160 609 2196 ῥέουσα
617 2161 684 2198 (64),
695 2164 740 2190 καὶ
763 2164 883 2199 προσφέ-

89 2208 178 2237 ρουσα
194 2203 250 2233 τοῖς
272 2203 382 2234 οἰκείοις
396 2205 543 2241 διέλαμπεν
556 2215 562 2222 ·
582 2207 611 2234 ἐν
627 2206 667 2240 οἷς
691 2210 737 2236 καὶ
753 2217 883 2245 πραγμα-

933 965 1074 997 incensus,
1095 968 1123 993 et
1155 965 1314 1000 apostolicae
1343 964 1486 999 potestatis
1510 964 1619 999 plenus,
1635 971 1695 999 quae
1711 971 1726 990 a

935 1010 1040 1046 Spiritu
1055 1015 1152 1039 sancto
1167 1019 1231 1038 cum
1254 1014 1351 1038 sancto
1371 1009 1512 1038 Clemente
1537 1009 1624 1037 divini
1648 1009 1726 1036 verbi

932 1065 1039 1085 semina
1054 1057 1208 1093 spargenda
1224 1062 1252 1085 et
1276 1057 1392 1085 serenda
1406 1054 1487 1093 397
1502 1056 1631 1093 gentibus
1647 1063 1727 1084 acce-

931 1104 1028 1139 pisset,
1045 1104 1174 1132 omnibus
1191 1103 1320 1139 partibus
1337 1110 1398 1138 quae
1424 1103 1457 1130 ad
1475 1103 1645 1130 occidentem
1659 1109 1724 1137 per-

933 1149 1033 1181 tinent,
1048 1149 1202 1177 distribuit.
1230 1147 1365 1176 Duritiam
1387 1151 1479 1176 autem
1502 1152 1529 1176 et
1556 1147 1727 1175 ferocitatem

934 1195 1123 1230 imperitarum
1147 1194 1384 1230 barbararumque
1410 1195 1551 1230 gentium,
1583 1202 1645 1230 quae
1671 1194 1728 1222 illic

933 1245 1021 1273 erant,
1033 1249 1090 1269 non
1101 1242 1216 1271 veritus.
1224 1249 1275 1269 nec
1288 1242 1381 1277 impiis
1396 1241 1548 1270 sceleribus
1567 1242 1725 1274 deterritus,

933 1289 1007 1316 beati
1031 1289 1165 1325 principis
1191 1289 1380 1324 apostolorum
1399 1289 1446 1324 qui
1471 1288 1564 1316 Romae
1584 1287 1684 1321 fuerat,
1700 1293 1728 1315 et

935 1335 1048 1371 perﬁdis
1076 1335 1110 1363 ad
1134 1335 1300 1371 supplicium
1314 1335 1396 1363 datus
1418 1339 1494 1368 erat,
1511 1335 1609 1370 spiritu
1627 1335 1726 1366 fretus.

935 1382 968 1409 ad
987 1382 1154 1417 praeconium
1171 1390 1200 1410 se
1216 1382 1342 1409 contulit.
1357 1381 1480 1417 Cumque
1493 1390 1507 1409 a
1523 1380 1610 1409 Gallia
1624 1383 1726 1409 sensim

936 1427 1094 1455 subducens
1112 1428 1174 1462 plus
1186 1426 1335 1463 gentilibus
1356 1427 1490 1455 institutis
1505 1435 1625 1455 errorem
1638 1428 1729 1463 regios

935 1474 979 1501 nis
1000 1473 1075 1501 illius
1101 1474 1206 1502 fervere
1226 1474 1422 1510 comperisset,
1447 1478 1505 1501 tum
1528 1474 1621 1501 divino
1648 1478 1727 1502 scuto

935 1523 1087 1555 protectus,
1104 1524 1202 1555 potens
1218 1528 1249 1547 ac
1274 1527 1356 1548 verus
1370 1520 1444 1556 pugil
1465 1521 1595 1555 probatus
1610 1524 1669 1552 est,
1684 1529 1728 1548 se-

936 1573 989 1601 que
1017 1565 1215 1592 certaminibus
1240 1565 1361 1599 objecit,
1377 1568 1408 1592 ut
1434 1565 1481 1600 qui
1502 1565 1674 1600 professione
1699 1569 1728 1592 et

938 1610 1105 1646 perfectione
1119 1610 1219 1645 dignus
1233 1614 1318 1643 esset,
1329 1614 1434 1646 martyr
1448 1610 1529 1638 etiam
1544 1610 1601 1638 fieri
1615 1611 1728 1639 minime

935 1656 1083 1684 dubitaret.
1103 1656 1258 1691 Aquitaniae
1283 1664 1347 1684 vero
1373 1656 1498 1691 partibus
1523 1656 1610 1683 misso
1631 1661 1728 1684 sancto

932 1701 1098 1735 Saturnino,
1111 1703 1170 1737 ipse
1182 1710 1244 1729 cum
1260 1706 1357 1730 sancto
1371 1701 1505 1733 Luciano,
1522 1706 1548 1730 et
1564 1706 1661 1730 sancto
1676 1701 1728 1729 Ru-

935 1748 1016 1780 stico,
1040 1752 1068 1776 et
1084 1753 1179 1776 sancto
1206 1747 1381 1780 Eleutherio,
1399 1747 1535 1776 Lutetiain
1557 1747 1727 1775 Parisiorum

936 1792 1019 1819 venit.
1049 1792 1168 1820 Sanctus
1198 1797 1289 1820 autem
1323 1793 1472 1827 Lucianus,
1495 1792 1658 1828 presbyterii
1681 1793 1728 1820 bo-

936 1845 1004 1866 nore
1045 1843 1181 1871 ornatus,
1216 1838 1249 1866 ad
1281 1838 1454 1866 Bellovacum
1490 1839 1585 1867 urbem
1623 1840 1727 1867 missus

935 1886 993 1914 est.
1007 1883 1053 1918 qui
1068 1883 1150 1910 etiam
1163 1883 1319 1912 infidelibus
1336 1885 1444 1920 populis
1459 1885 1583 1913 veritatis
1601 1884 1726 1921 Evange-

935 1928 1001 1955 lium
1028 1928 1198 1964 praedicaret.
1231 1929 1292 1965 Ipse
1323 1938 1404 1965 porro
1428 1935 1541 1958 sanctus
1578 1930 1726 1967 Dionysius

934 1974 1050 2002 Lutetia:
1079 1974 1247 2003 Parisiorum
1274 1977 1480 2012 mansitzquod
1507 1977 1648 2013 oppidum,
1674 1978 1726 2005 etsi

935 2028 1049 2056 parvum
1077 2025 1104 2048 et
1135 2021 1282 2056 exiguum,
1313 2026 1403 2050 tamen
1433 2023 1542 2058 gentilis
1566 2025 1669 2050 erroris
1699 2028 1727 2050 et

935 2067 1135 2102 inquinationis
1159 2069 1269 2103 plenum
1293 2073 1363 2096 erat.
1386 2069 1438 2096 Sed
1471 2074 1530 2097 erat
1548 2069 1637 2097 fertile
1659 2077 1727 2097 con-

939 2114 1076 2149 situmque
1106 2118 1132 2141 et
1157 2120 1284 2141 ornatum
1316 2115 1472 2144 arboribus.
1497 2114 1607 2143 Vilibus
1635 2120 1726 2143 autem

938 2164 965 2188 et
991 2161 1074 2193 uvis,
1104 2165 1235 2196 tanquam
1270 2169 1304 2189 ex
1328 2160 1451 2189 fontibus
1488 2162 1583 2189 vinum
1612 2161 1726 2198 profun-

934 2206 1013 2237 dcns,
1029 2212 1057 2233 et
1079 2207 1138 2234 suis
1166 2206 1346 2242 suppeditans
1375 2211 1435 2234 erat
1452 2207 1561 2240 nobile;
1579 2207 1606 2234 in
1624 2208 1725 2243 quibus

85 2246 178 2279 τείαις
189 2248 357 2284 τραπεζιτῶν
374 2249 476 2278 ἅπασαι
487 2252 564 2286 γοναὶ
579 2253 629 2289 τῆς
646 2255 759 2287 πόλεως,
770 2257 816 2283 καὶ
828 2256 882 2283 τῶν

934 2257 961 2280 et
976 2253 1175 2281 mensariorum
1195 2253 1312 2288 negotiis
1326 2253 1462 2280 universae
1477 2253 1597 2281 civitatis
1614 2254 1725 2281 familiae

88 2292 174 2328 πέριξ
198 2296 448 2332 περιτετειχισμένη
474 2297 559 2334 γύρου
576 2299 644 2335 (65),
662 2301 708 2327 καὶ
724 2301 882 2337 περισσείαν

89 2339 194 2374 ἰχθύων
207 2340 275 2375 πρὸς
287 2340 391 2373 τούτοις
406 2343 460 2369 ἀπὺ
472 2343 518 2370 τοῦ
535 2346 712 2381 ποταμοῦ,ὡ;
728 2345 782 2374 ἀπὸ
799 2356 882 2383 προσ-

86 2384 169 2410 ώπου
185 2385 235 2420 τῆς
257 2385 391 2421 θαλάττης
426 2389 556 2424 κυμάτων
572 2391 660 2426 δίκην,
679 2393 880 2429 προσφέρουσα,

85 2432 232 2465 παρεῖχεν.
250 2433 307 2459 Οὐκ
323 2432 415 2469 ὀλίγην
431 2435 459 2460 δὲ
476 2436 523 2462 καὶ
537 2437 552 2462 ὁ
567 2437 688 2472 ποταμὸς
714 2438 761 2465 τοῦ
777 2439 883 2474 τείχους

84 2475 257 2510 ἐγινώσκετο
281 2479 408 2514 παρέχων
433 2479 572 2515 βοήθειαν·
591 2483 637 2508 καὶ
661 2483 742 2514 αὐτὸς
770 2483 824 2520 γὰρ
843 2484 882 2520 τῷ

83 2522 189 2567 πλάτει
200 2523 249 2558 τῆς
265 2524 378 2556 πόλεως,
391 2525 429 2561 τῷ
444 2526 500 2561 ἰδίῳ
513 2526 621 2560 πλάτει,
633 2527 727 2565 ὥσπερ
741 2530 830 2566 νῆσον,
842 2531 881 2567 τῷ

81 2566 169 2595 ὕδατι
179 2569 262 2604 αὐτὴν
279 2571 467 2606 περιεκύκλου.

126 2612 228 2640 Τοῦτον
251 2612 298 2642 οὖν
311 2614 357 2641 τὸν
369 2616 452 2643 τόπον
466 2617 480 2643 ὁ
493 2617 560 2644 Θεοῦ
575 2617 667 2651 δοῦλος
681 2621 859 2656 περιοδεύσας
871 2643 878 2654 ,

79 2660 138 2688 καὶ
154 2660 194 2695 τῷ
210 2660 313 2697 στερεῴ
332 2661 383 2697 τῆς
404 2663 521 2695 πίστεως
542 2664 723 2700 ὁπλισάμενος
734 2686 741 2698 ,
759 2667 819 2703 Θεῷ
838 2669 878 2704 τῷ

78 2707 288 2743 παντοδυνάμῳ
312 2708 450 2743 πανταχοῦ
476 2709 617 2745 βοηθοῦντι
641 2711 688 2738 καὶ
712 2713 878 2740 συνοδεύοντι

77 2753 176 2788 αὐτῷ,
198 2754 346 2791 ἐκκλησίαν
369 2757 458 2783 ἐκεῖσε
485 2758 555 2784 κατὰ
576 2758 626 2794 τὴν
646 2759 759 2795 δύναμιν
780 2761 874 2794 αὑτοῦ,

77 2799 186 2827 καθότι
213 2801 270 2833 νέος
291 2801 384 2838 ἀκμὴν
409 2803 578 2838 προσήλυτος
592 2804 708 2842 ὑπῆρχε,
725 2806 764 2841 τῷ
778 2807 874 2843 Κυρίῳ

125 2905 138 2921 η
155 2902 251 2930 Matth,
270 2911 331 2936 nr,
346 2903 391 2931 2L

933 2301 960 2325 et
975 2306 1069 2326 eorum
1096 2299 1141 2334 qui
1163 2299 1342 2327 circumcirca
1362 2299 1468 2327 vallatae
1489 2299 1619 2327 ambitum
1646 2300 1724 2327 inco-

933 2344 1036 2378 lebant,
1048 2345 1169 2372 studium
1199 2349 1226 2372 et
1249 2353 1360 2380 operam
1390 2345 1572 2373 collocabant.
1602 2344 1722 2373 Piscium

933 2393 1064 2425 praeterea
1080 2391 1187 2426 copiam
1208 2399 1241 2419 ex
1262 2398 1341 2419 amne
1354 2391 1434 2427 quasi
1454 2399 1487 2419 ex
1503 2391 1587 2419 maris
1602 2399 1650 2419 ore
1673 2401 1724 2420 un-

934 2437 1031 2464 darum
1057 2438 1146 2465 instar
1171 2438 1328 2473 proferens,
1345 2437 1494 2473 praebebat.
1517 2437 1573 2465 Nec
1589 2446 1654 2466 vero
1668 2440 1724 2466 exi-

933 2489 1016 2517 guum
1032 2483 1188 2517 praesidium
1202 2483 1290 2511 amnis
1303 2483 1360 2518 ipse
1377 2483 1514 2511 manibus
1535 2482 1606 2511 ferre
1621 2484 1724 2511 intelli-

934 2530 1059 2564 gebatur.
1081 2529 1106 2558 is
1129 2533 1201 2558 enim
1225 2531 1396 2558 latitudinem
1416 2531 1493 2558 urbis
1513 2530 1658 2559 latitudine
1672 2538 1722 2559 sua

933 2576 1030 2604 insula:
1045 2577 1137 2612 specie
1152 2585 1221 2612 aqua
1237 2577 1436 2605 circumdabat.

969 2621 1048 2650 Hunc
1063 2623 1145 2658 igitur
1167 2622 1214 2651 Dei
1237 2631 1333 2651 servus
1348 2631 1410 2651 cum
1427 2628 1600 2660 peragrasset
1611 2623 1700 2651 locum
1711 2641 1719 2655 ,

933 2667 994 2696 ﬁdei
1013 2669 1111 2697 robore
1129 2674 1253 2698 armatus
1266 2690 1273 2702 ,
1295 2669 1350 2697 Deo
1370 2678 1462 2698 rerum
1480 2671 1601 2698 omnium
1616 2677 1722 2704 pracpo-

932 2716 1017 2748 tenti,
1036 2716 1082 2751 qui
1101 2716 1202 2751 ubique
1221 2716 1272 2751 ipsi
1291 2717 1575 2752 auxilium_opemque
1595 2715 1718 2747 tulisset,

932 2765 960 2788 et
978 2769 1071 2790 comes
1088 2762 1196 2791 itineris
1216 2763 1331 2795 fuisset,
1353 2763 1409 2790 illic
1428 2763 1560 2797 templum
1579 2768 1628 2796 pro
1646 2760 1719 2787 virili

933 2816 997 2842 sua,
1014 2809 1086 2845 quod
1101 2817 1188 2839 novus
1204 2809 1350 2839 admodum
1365 2809 1469 2837 advena
1484 2811 1572 2841 esset,
1597 2806 1719 2835 Domini;
