1950 3065
237 161 289 191 675

836 162 868 191 S.
886 162 1036 191 DlONYSll
1055 162 1286 193 ΑπΕοΡΑσιτλΕ

1808 169 1854 198 678

239 227 292 255 que
314 219 402 247 nostri
422 218 487 248 Iesu
511 219 616 248 Christi
637 219 752 247 honoris
772 225 856 246 causa
877 219 1019 246 excitavit.

1079 218 1158 255 ἡμῶν
1176 220 1263 254 Ἰησοῦ
1278 220 1389 256 Χριστῷ
1406 220 1447 253 εἰς
1464 220 1548 258 τιμὴν
1559 221 1709 258 ἀνέστησε·
1732 224 1777 250 καὶ
1799 224 1855 252 λαδν

239 272 394 298 novumque
408 265 538 299 populum
552 266 580 292 in
596 264 736 299 Evangelii
753 264 867 291 veritate
889 264 1026 291 eruditum

237 315 333 338 sancto
347 308 486 345 baptismo
500 313 595 344 postea
607 309 664 336 illic
679 309 852 336 illuminavit.
869 308 920 335 Diu
935 312 1025 335 autem

237 355 334 383 beatus
350 356 391 382 vir
411 355 531 383 interdiu
554 358 692 390 noctuque
713 354 866 389 disciplinm
886 354 1026 389 religionis

237 409 269 429 ac
285 401 393 436 pietatis
419 400 621 429 multitudinem
646 399 774 433 instituit,
798 399 955 434 Christique
975 407 1026 435 po-

237 450 320 485 pulus
340 457 374 478 ex
397 449 500 478 veteris
521 448 611 477 hostis
634 447 761 476 faucibus
787 451 898 482 ereptus
919 451 982 480 est;
999 451 1026 474 et

236 503 306 531 quos
327 495 403 531 prius
424 494 532 522 daemon
555 493 727 522 distrahebat
752 497 780 520 et
803 493 953 524 avocabat,
977 499 1024 520 eos

236 542 295 577 ipse
320 541 401 576 digne
424 548 473 576 per
498 540 579 568 ﬁdem
603 540 632 568 in
653 539 739 567 caelos
760 538 887 567 studebat
905 538 1034 567 mittere.

235 589 302 624 Ejus
317 597 382 617 vero
406 587 562 616 sanctitatis
583 586 655 614 fama
669 585 754 620 398
768 588 862 620 postea
885 584 964 619 longe
982 583 1024 610 la-

234 643 315 671 teque
329 639 474 671 pervagata
488 638 542 662 est.
564 632 660 669 Itaque
674 641 730 660 non
749 632 848 667 exigua
870 631 963 667 populi
977 630 1024 666 qui

234 683 322 710 ﬁdelis
337 686 396 710 erat
411 680 558 708 multitudo
581 679 694 715 dignum
715 686 776 706 eum
788 698 795 709 .
815 685 896 713 quem
917 678 1025 712 episco-

233 736 298 764 pum
318 727 439 759 haberet,
456 726 579 762 putabat.
600 725 646 752 Sic
667 732 733 760 ergo
754 723 882 759 deinceps
893 723 1024 750 ecclesia-

233 775 295 802 stici
309 774 412 810 gradus
427 773 528 801 divinis
543 771 686 807 obsequiis
703 778 735 798 ac
754 771 915 798 muneribus
931 770 1024 798 distri-

232 821 350 849 buendis
366 821 500 852 intentus,
516 822 543 846 et
557 825 725 846 consecrans
741 817 872 852 probatos
886 816 1022 848 homines,

233 870 264 894 ut
279 867 379 902 dignos
393 869 420 894 et
433 865 547 893 idoneos
569 864 603 892 ad
625 863 740 900 gradum
758 862 946 898 promovebat.
970 861 1023 889 Sed

1077 264 1136 290 νέον
1151 265 1180 290 ἐν
1193 265 1226 299 τῇ
1242 264 1356 301 ἀληθείᾳ
1374 265 1422 292 τοῦ
1436 266 1604 300 Εὐαγγελίου
1624 268 1811 304 δεδιδαγμένον
1821 271 1857 306 τῷ

1077 309 1147 344 ἁγίῳ
1167 307 1244 342 αὖθις
1264 311 1323 337 ἐκεῖ
1343 311 1511 347 βαπτίσματι
1526 312 1712 346 κατεφώτισεν
1726 314 1790 350 (66).
1815 315 1856 342 Ἔν

1076 354 1132 390 ὅσῳ
1142 355 1172 381 δὲ
1187 355 1202 381 ὁ
1217 356 1350 392 μακάριος
1364 356 1433 392 ἀνὴρ
1444 356 1552 392 ἡμέρας
1565 356 1612 383 καὶ
1628 358 1724 390 νυκτὸς
1738 359 1857 386 διδασκα-

1075 399 1165 432 λικαῖς
1180 402 1364 437 συνεστήσατο
1377 402 1529 434 εὐσεϐείαις
1543 402 1592 438 τὴν
1609 403 1730 439 πληθὺν,
1747 405 1793 432 καὶ
1811 403 1856 432 τοῦ

1075 446 1194 482 Χριστοῦ
1209 447 1224 474 ό
1238 447 1302 480 λαὸς
1316 449 1349 475 ἐκ
1363 448 1411 474 τοῦ
1423 448 1537 485 ἀρχαίου
1550 448 1650 486 ἐχθροῦ
1664 449 1712 477 τοῦ
1725 451 1857 487 φάρυγγος

1077 494 1215 530 ἐλυτρὼοη
1226 513 1234 527 ,
1247 495 1295 527 οὓς
1309 495 1443 532 κατέσυρε
1455 495 1488 523 τὸ
1510 496 1576 532 πρὶν
1588 498 1602 524 ὁ
1618 497 1718 534 Βελίαρ
1728 518 1736 530 ,
1751 499 1858 531 τούτους

1075 540 1158 574 ἀξίως
1182 540 1365 576 παραπέμψαι
1387 542 1428 574 είς
1448 541 1512 574 τοὺς
1529 542 1660 578 οὐρανοὺς
1681 543 1725 570 διὰ
1744 545 1795 580 τῆς
1816 546 1859 572 πί-

1076 595 1162 618 στεως
1184 586 1198 612 ό
1222 586 1298 620 ἅγιος
1319 586 1432 614 ἔσπευδε
1447 595 1454 603 ·
1477 587 1555 623 φήμη
1579 587 1608 614 δέ
1632 586 1682 624 τῆς
1708 589 1858 626 ἁγιωσύνης

1074 630 1157 658 αὐτοῦ
1181 631 1221 663 είς
1242 630 1329 666 μῆκος
1354 631 1400 658 καὶ
1423 631 1523 663 πλάτος
1545 629 1622 664 αὖθις
1644 632 1774 669 ἐξεχύθη·
1791 633 1858 661 ὥστε

1073 677 1124 703 οὐκ
1139 676 1215 711 ὀλίγη
1231 676 1286 703 τῶν
1299 676 1404 702 πιστῶν
1417 676 1464 703 τοῦ
1479 676 1544 704 λαοῦ
1559 677 1681 713 άθροισις
1695 678 1770 712 ἄξιον
1782 679 1858 706 αὐτὸν

1074 721 1199 754 ἐδόξασεν
1215 722 1362 749 ἐπίσκοπον
1375 722 1456 758 ἔχειν.
1469 722 1561 756 Οὕτως
1575 721 1621 751 οὖν
1634 724 1704 760 μετᾶ
1716 725 1802 752 ταῦτα
1812 726 1857 753 τοῦ

1074 767 1211 803 ἱερατικοῦ
1229 767 1333 803 βαθμοῦ
1354 769 1415 800 ταῖς
1439 767 1525 800 θείαις
1550 769 1713 805 ὑπουργίαις
1737 770 1856 806 διαδότης

1074 814 1120 841 καὶ
1143 814 1262 849 ἁγιάζων
1286 814 1504 851 δεδοκιμασμένα
1529 815 1680 851 πρόσωπα,
1705 813 1744 847 ὼς
1769 816 1857 849 ἀξίους

1073 861 1235 897 γενομένους
1242 860 1330 897 ἑαυτῷ
1344 862 1384 893 εἰς
1398 861 1503 897 βαθμὸν
1516 862 1627 898 ἀνῆκεν.
1643 862 1711 889 Ἀλλ’
1726 863 1741 889 ὁ
1757 863 1856 899 Κύριος

232 901 366 938 Dominus
381 913 475 938 noster
488 908 572 936 Jesus
591 907 735 940 Christus,
759 906 806 942 qui
826 904 949 940 Dionysii
969 904 1019 931 viri

1071 906 1151 943 ήμῶν
1180 906 1284 943 Ἰησοῦς
1306 907 1433 943 Χριστὸς,
1458 909 1473 935 ὁ
1493 907 1533 943 τῷ
1560 909 1762 944 μακαριωτάτῳ
1783 909 1857 946 ἀνδρὶ

232 955 400 987 beatissimi,
426 959 456 982 ut
470 954 567 990 posita:
590 953 619 980 in
634 951 800 980 candelabro
821 951 956 982 lucernae,
979 949 1022 976 la-

231 1009 304 1029 mam
320 1002 407 1028 latere
421 1000 503 1028 etiam
517 1006 572 1026 non
586 998 754 1034 patiebatur,
776 997 804 1024 in
824 1003 920 1024 eorum
939 995 986 1031 qui
1006 1002 1023 1022 a

231 1047 364 1083 religione
377 1050 473 1074 nostra
486 1045 672 1073 abhorrebant
683 1043 822 1072 mentibus
832 1063 840 1076 ,
855 1043 915 1078 ejus
930 1043 1022 1070 lumen

231 1093 301 1120 radii
320 1093 412 1128 specie
429 1091 573 1124 adhibuit,
589 1093 737 1125 tantasque
755 1097 804 1124 per
822 1096 884 1116 eum
905 1088 1022 1116 virtutes

231 1139 290 1166 ﬁeri
313 1138 416 1170 voluit,
442 1141 473 1164 ut
497 1135 660 1164 intestatum
683 1135 881 1169 rchelliumque
901 1133 1021 1169 gentium

233 1185 336 1216 corda,
348 1191 404 1211 non
419 1183 510 1211 minus
527 1189 609 1217 quam
624 1189 719 1209 earum
729 1200 738 1212 ,
752 1180 854 1216 quibus
867 1179 1021 1206 nuntiatum

230 1239 290 1263 erat
309 1233 496 1269 Evangelium,
515 1231 675 1260 instituerit.
691 1229 783 1264 Itaque
798 1229 859 1263 ejus
874 1227 1022 1255 virtutibus

230 1285 263 1308 ac
269 1280 410 1307 miraculis
417 1278 539 1314 quotidie
549 1276 833 1305 corroborabanturet
839 1274 1020 1305 addebantur,

231 1331 261 1354 ut
276 1333 308 1353 eo
325 1329 448 1360 tempore
458 1344 466 1357 ,
482 1331 546 1353 cum
560 1323 618 1351 haec
633 1323 668 1350 ab
681 1321 760 1349 initio
775 1320 847 1349 facta
861 1323 934 1348 sunt.
951 1319 1020 1347 Tum

230 1377 321 1400 autem
336 1371 423 1399 sancti
436 1371 506 1403 viri,
526 1374 556 1398 ut
569 1377 622 1398 vox
637 1368 783 1396 clamantis
794 1388 802 1400 ,
819 1368 899 1402 longe
914 1366 1022 1402 lateque

229 1421 376 1453 pervagata
391 1416 511 1444 nominis
527 1415 588 1451 ejus
603 1414 693 1447 fama,
713 1413 749 1441 ita
767 1413 903 1441 celebrata
917 1417 976 1444 est,
992 1417 1022 1439 ut

227 1465 309 1492 etiam
317 1463 496 1494 Domitianus,
505 1462 553 1498 qui
565 1460 704 1489 secundus
720 1464 782 1495 post
792 1458 926 1486 Neronem
938 1457 1020 1486 Chri-

228 1512 332 1541 stianos
341 1511 499 1547 exagitavit,
506 1517 568 1537 eum
576 1508 610 1536 ad
621 1516 650 1536 se
657 1508 685 1535 iu
694 1506 824 1543 palatium
840 1513 919 1533 suum
927 1505 1021 1532 venire

225 1557 349 1592 jusserit.
373 1555 501 1590 Idemque
527 1557 604 1581 tanta
632 1551 780 1580 iracundiae
811 1550 1019 1585 atrocitatisque
1033 1571 1054 1599 ο

226 1604 302 1631 rabie
318 1602 433 1634 exarsit,
450 1606 481 1629 ut
496 1600 654 1636 imperaret,
668 1603 698 1626 ut
716 1598 871 1633 ubicunque
882 1596 1018 1624 Christia-

227 1655 292 1674 num
300 1648 416 1683 aliquem
424 1650 470 1673 aut
480 1645 538 1681 ipse
544 1648 591 1672 aut
601 1643 642 1672 sui
652 1642 814 1675 invenirent,
822 1642 863 1670 vel
878 1644 909 1669 ut
923 1641 1020 1668 immo-

226 1692 451 1728 laretinquinatis
464 1690 646 1721 daemonibus,
655 1689 866 1725 persuaderent,
876 1687 921 1714 vel
935 1686 1019 1714 variis

227 1739 374 1767 tormentis
396 1739 534 1774 obiectum
558 1736 642 1763 morti
667 1735 766 1771 gladiis
790 1734 940 1762 traderent.
968 1731 1019 1758 llis

226 1792 292 1812 vero
306 1785 413 1820 legibus
426 1792 489 1811 cum
505 1782 559 1810 sibi
576 1789 675 1817 genera
699 1781 829 1808 inclinata
848 1779 1017 1814 subegisset.

226 1838 326 1866 magna
350 1830 453 1858 Christi
474 1828 564 1858 servis
587 1831 683 1855 coorta
706 1831 748 1855 est
770 1826 942 1862 persecutio,
958 1832 1019 1860 qum

226 1877 260 1903 ad
285 1884 333 1904 eos
357 1876 404 1911 qui
428 1876 485 1903 illic
506 1879 605 1906 erant,
629 1873 805 1908 pertinebat:
831 1872 931 1907 quippe
954 1878 1018 1898 cum

226 1922 302 1950 nulla
325 1929 440 1957 prorsus
461 1919 606 1956 praesentis
628 1919 691 1946 vim
711 1926 814 1950 usura,
839 1918 873 1945 iis
893 1917 940 1952 qui
967 1924 1017 1952 pro

225 1969 337 1996 Christo
353 1970 509 1999 certarent,
528 1965 735 1993 concederetur.
759 1963 852 1999 Neque
871 1963 943 1990 enim
967 1963 1018 1989 ali;

225 2021 280 2049 qua
305 2013 410 2040 sanctis
434 2011 604 2047 martyribus
626 2009 790 2045 suppetebat
806 2009 939 2036 libertatis
960 2007 1017 2036 sive

225 2059 369 2091 defensio.
396 2059 454 2087 sive
478 2057 646 2093 deprecatio.
671 2056 828 2089 Quinetiam
850 2062 946 2082 omnes
969 2053 1017 2090 qui

224 2106 308 2134 edicti
323 2105 414 2134 scelus
425 2109 453 2132 et
466 2105 634 2139 impietatem
646 2102 848 2134 observabant,
863 2100 936 2135 quod
949 2100 1017 2135 ipsis

225 2160 241 2180 a
256 2153 367 2180 Caesare
381 2151 571 2187 praescriptum
585 2153 658 2182 erat,
674 2148 750 2176 nulla
766 2155 798 2175 ex
813 2151 892 2183 parte
913 2146 1016 2173 violare

225 2199 374 2226 audebant.
401 2196 475 2224 Misit
504 2199 639 2231 praeterea
663 2194 834 2222 delectorum
860 2192 1016 2220 multitudi-

1072 953 1203 989 Διονυσίῳ
1219 953 1256 989 μὴ
1271 953 1419 989 συγχωρῶν
1435 953 1477 980 ἔτι
1489 953 1540 990 τὴν
1554 955 1649 990 φήμην
1663 955 1835 989 κρύπτεσθαι
1848 976 1856 988 ,

1071 997 1109 1030 ὡς
1122 997 1226 1025 τεθέντι
1241 998 1330 1034 λύχνῳ
1344 998 1390 1025 ἐπὶ
1406 998 1526 1034 λυχνίαν,
1542 1000 1571 1026 ἐν
1584 1001 1644 1031 ταῖς
1662 1000 1717 1027 τῶν
1739 1000 1856 1028 ἀπίστων

1071 1043 1201 1076 διανοίαις
1213 1044 1244 1071 τὸ
1260 1044 1320 1079 φῶς
1336 1044 1419 1071 αὐτοῦ
1434 1045 1608 1078 άκτινοειδῶς
1626 1045 1762 1082 παρέθετο
1776 1067 1784 1079 ,
1809 1047 1856 1073 καὶ

1071 1091 1205 1123 τοσαύτας
1221 1091 1254 1118 δι’
1275 1090 1357 1118 αὐτοῦ
1380 1091 1534 1126 κατηξίωσε
1566 1091 1693 1126 γενέσθαι
1715 1092 1764 1119 καὶ
1778 1093 1857 1120 δυνά-

1073 1146 1154 1173 μεις,
1177 1138 1219 1164 ὅτι
1244 1136 1299 1164 τῶν
1324 1137 1461 1173 πολεμίων
1487 1136 1572 1164 ἐθνῶν
1597 1137 1649 1170 τὰς
1673 1138 1788 1174 καρδίας
1809 1139 1859 1165 οὐκ

1071 1184 1181 1210 ἔλαττον
1205 1182 1260 1210 τῶν
1286 1182 1537 1218 εὐαγγελιζομένων
1559 1183 1711 1216 ἀνέδειξεν·
1730 1182 1800 1210 ὥστε
1829 1184 1859 1216 ἐξ

1071 1231 1162 1258 αὐτῶν
1186 1230 1242 1257 τῶν
1268 1231 1411 1266 δυνάμεων
1438 1230 1486 1258 καὶ
1511 1230 1672 1266 θαυμασίων
1696 1230 1780 1258 αὐτοῦ
1797 1230 1858 1258 καθ’

1071 1277 1178 1312 ἡμέραν
1209 1275 1420 1312 ἐνδυναμοῦσθαι
1459 1276 1507 1303 καὶ
1549 1276 1745 1312 προστίθεσθαι
1780 1276 1859 1313 δίκην

1071 1323 1118 1349 τοῦ
1136 1322 1232 1358 καιροῦ
1243 1342 1251 1354 ,
1268 1323 1312 1349 ὅτε
1338 1322 1427 1350 ταῦτα
1443 1321 1473 1355 ἐξ
1489 1322 1618 1358 ὑπαρχῆς
1641 1323 1777 1357 ἐγένοντο.
1804 1324 1858 1350 T06

1071 1368 1148 1402 ἁγίου
1165 1368 1193 1394 δὲ
1209 1368 1306 1404 ἀνδρὸς
1319 1388 1327 1400 ,
1349 1368 1388 1400 ὼς
1411 1367 1485 1404 φωνὴ
1503 1368 1627 1403 βοῶντος,
1645 1370 1685 1401 είς
1703 1370 1789 1406 μῆκος
1812 1371 1859 1398 καὶ

1072 1414 1173 1445 πλάτος
1200 1413 1361 1450 ἐκχυθείσης
1387 1413 1438 1450 τῆς
1464 1415 1559 1450 φήμης
1582 1414 1630 1441 τοῦ
1647 1415 1794 1451 ὀνόματος,
1813 1417 1860 1443 ἐπὶ

1070 1459 1196 1486 τοσοῦτον
1212 1459 1361 1495 διαλάμψαι
1383 1459 1445 1486 τότε
1457 1479 1464 1492 ,
1481 1459 1520 1491 ὡς
1536 1459 1583 1486 καὶ
1598 1461 1760 1496 Δομετιανὸν
1777 1461 1835 1497 (67)
1851 1483 1859 1494 ,

1070 1506 1116 1533 τὸν
1142 1506 1204 1533 τότε
1232 1505 1280 1533 τὸν
1307 1505 1434 1542 δεύτερον
1458 1505 1514 1533 τῶν
1542 1506 1713 1542 Χριστιανῶν
1740 1507 1861 1544 διωγμὸν

1071 1552 1223 1588 ποιήσαντα
1255 1552 1324 1588 μετὰ
1348 1552 1483 1588 Νέρωνα,
1515 1551 1642 1579 κελεῦσαι
1675 1552 1763 1580 ἐλθεῖν
1791 1555 1861 1590 πρὸς

1070 1598 1151 1625 αὐτὸν
1178 1598 1218 1630 είς
1244 1598 1295 1633 τὴν
1320 1597 1404 1634 αὐλὴν
1429 1597 1512 1624 αὐτοῦ
1531 1606 1537 1613 ·
1556 1598 1631 1630 ὅστις
1657 1600 1698 1631 είς
1723 1600 1862 1636 τοσαύτην

1069 1645 1170 1672 λύσσαν
1196 1644 1371 1680 ἀναξιότητος
1398 1644 1502 1680 ἐξήφθη
1531 1645 1578 1672 καὶ
1604 1646 1733 1682 παρήχθη
1748 1666 1756 1679 ,
1786 1647 1861 1674 ὥστε

1069 1690 1235 1726 προστάξαι,
1255 1690 1315 1723 ἴνα,
1351 1691 1416 1718 ὅπου
1445 1691 1468 1718 δ’
1490 1691 1523 1718 ἂν
1546 1692 1707 1726 Χριστιανόν
1729 1701 1792 1720 τινα
1815 1693 1862 1720 εὔ-

1070 1745 1161 1772 ροιεν,
1192 1735 1273 1768 αὐτὸς
1299 1736 1316 1771 ἢ
1345 1737 1370 1762 οῑ
1388 1736 1470 1762 αὐτοῦ
1485 1756 1494 1768 ,
1518 1735 1632 1771 ἢθῦσαι
1661 1739 1863 1774 μεμιασμένοις

1069 1782 1208 1814 πείσαιεν,
1226 1781 1243 1816 ἢ
1260 1781 1396 1814 ποικίλαις
1422 1782 1548 1817 βασάνοις
1573 1784 1759 1819 περιπεσόντα
1773 1805 1782 1816 ,
1811 1785 1862 1811 θα-

1068 1827 1140 1863 νάτῳ
1159 1827 1296 1863 μαχαίρας
1306 1827 1501 1863 παραδοθῆναι.
1525 1828 1636 1861 Τούτοις
1648 1830 1676 1856 δὲ
1691 1831 1750 1862 τοῖς
1765 1831 1864 1866 νόμοις

1068 1874 1203 1907 ὑποτάξας
1227 1873 1316 1909 ἑαυτῷ
1342 1874 1407 1910 γένη
1432 1874 1580 1910 κεκλιμένα
1602 1875 1678 1911 (68),
1697 1877 1788 1912 μέγας
1804 1879 1865 1910 tot;

1067 1919 1114 1946 τοῦ
1132 1919 1249 1956 Χριστοῦ
1265 1919 1368 1951 δούλοις
1387 1919 1495 1953 ἐγένετο
1511 1920 1632 1956 διωγμὸς
1648 1922 1678 1948 ἐν
1692 1923 1750 1954 τοῖς
1770 1923 1866 1950 ἐκεῖσε

1068 1966 1236 2002 περιτρέχων
1248 1985 1255 1998 ,
1272 1965 1399 2001 οὐδεμιᾶς
1415 1967 1472 1998 τοῖς
1488 1966 1533 1993 διὰ
1549 1967 1668 2002 Χριστὸν
1683 1967 1866 2004 ἀγωνιζομέ-

1067 2021 1122 2045 νοις
1139 2011 1211 2047 ζωῆς
1228 2011 1457 2047 συγχωρουμένης
1473 2011 1517 2039 διὰ
1537 2013 1627 2048 πάσης
1644 2021 1651 2027 ·
1669 2013 1788 2049 οὐδεμία
1807 2016 1868 2051 γὰρ

1066 2059 1121 2086 τῶν
1146 2057 1231 2093 ἁγίων
1259 2057 1406 2094 μαρτύρων
1432 2058 1538 2094 ὑπῆρχε
1561 2058 1730 2095 παραίτησις
1746 2060 1867 2088 ἐλευθε-

1069 2105 1128 2141 ρίας
1147 2112 1153 2119 ·
1172 2103 1239 2131 ἀλλὰ
1257 2103 1304 2130 καὶ
1321 2104 1422 2136 πάντες
1447 2105 1471 2131 οἱ
1494 2104 1577 2131 αὐτοῦ
1594 2105 1642 2140 τὴν
1659 2105 1792 2133 ἀσέϐειαν
1811 2116 1868 2142 φυ-

1066 2150 1209 2181 λάττοντες
1224 2149 1272 2176 τοῦ
1289 2150 1423 2185 δόγματος
1437 2170 1444 2182 ,
1461 2150 1532 2185 ὅπερ
1549 2151 1798 2186 προστεταγμένον
1818 2155 1870 2180 αὖ-

1065 2197 1122 2228 τοῖς
1139 2195 1192 2222 ὑπὸ
1208 2195 1255 2222 τοῦ
1274 2195 1414 2230 Καίσαρος
1430 2195 1472 2230 εἴη
1486 2215 1493 2227 ,
1516 2195 1670 2231 ὺπερῦἦναι
1689 2195 1734 2222 διὰ
1757 2198 1870 2230 παντὸς

225 2252 305 2278 nem,
330 2251 393 2271 cum
419 2250 520 2278 magna
541 2248 609 2269 vace
633 2244 661 2268 et
679 2240 841 2268 crudelitate
862 2239 894 2266 ad
917 2245 1012 2266 omnes

1071 2242 1094 2269 )ὺ
1105 2242 1286 2277 κατετόλμων.
1297 2241 1364 2267 Ἀλλ’
1375 2240 1466 2267 ἐτικαὶ
1478 2241 1626 2268 ἐπιλέκτων
1638 2241 1783 2277 ἄθροισμα
1793 2244 1870 2278 μετά

225 2288 382 2318 Occidentis
396 2287 539 2323 regiones,
555 2286 602 2322 qui
617 2286 690 2313 hunc
704 2289 831 2314 sanctum
845 2284 934 2311 virum
949 2283 1015 2310 Dio-

225 2335 334 2371 nysium
348 2335 512 2370 quaererent,
527 2336 566 2365 et,
582 2332 606 2360 si
622 2335 745 2367 possent,
755 2330 918 2361 invenirent,
928 2333 957 2356 ut
973 2328 1014 2356 vel

225 2382 315 2409 edicto
329 2379 504 2415 imperatoris
519 2377 611 2406 verbis
632 2381 660 2405 et
680 2377 763 2405 minis
784 2376 920 2404 adductus
936 2382 1015 2410 pare-

225 2430 268 2454 ret
283 2447 290 2459 ,
308 2426 362 2457 vel,
379 2425 403 2452 si
417 2424 521 2456 nollet,
536 2422 677 2458 suppliciis
692 2422 834 2450 immensis
849 2421 1016 2456 discerpere-

225 2475 282 2504 tur,
297 2470 340 2498 vel
356 2469 438 2497 morti
451 2468 549 2504 capitis
562 2468 724 2504 praecisione
739 2467 924 2495 occumberet.

1069 2288 1189 2324 μεγάλης
1207 2288 1271 2323 βοῆς
1298 2288 1344 2315 καὶ
1361 2288 1493 2324 ἀπηνείας
1509 2289 1565 2320 τοῖς
1584 2288 1694 2323 μέρεσιν
1711 2289 1870 2318 ἀπέστειλε

1065 2334 1158 2368 πάσης
1174 2333 1225 2368 τῆς
1241 2333 1344 2365 δύσεως
1357 2353 1364 2365 ,
1391 2333 1465 2365 ὅπως
1489 2333 1536 2360 τὸν
1554 2333 1631 2367 ᾶγιον
1653 2333 1739 2370 ἄνδρα.
1762 2336 1873 2363 τοῦτον

1064 2379 1202 2406 Διονύσιον
1218 2377 1416 2414 ἀναζητοῦντες
1432 2378 1548 2415 εὕροιεν,
1577 2380 1601 2406 εί
1621 2378 1778 2415 δυνηθῶσιν
1792 2403 1802 2415 ,
1823 2383 1873 2409 ἵνα

1063 2426 1080 2461 ἢ
1101 2425 1136 2452 τὰ
1153 2425 1351 2461 προστάγματα
1368 2424 1416 2452 τοῦ
1439 2425 1642 2458 ὲξουσιάζοντος
1667 2425 1724 2462 (69)
1755 2428 1874 2464 ἐκπλη-

1065 2471 1150 2508 ρῶσαι
1162 2471 1330 2507 πείσωσιν,ἢ
1346 2472 1490 2507 τιμωρίαις
1500 2471 1537 2507 μὴ
1554 2471 1723 2508 βουλομένων
1738 2477 1876 2510 σπαράξε-

1005 2535 1007 2537 ι
1063 2517 1157 2544 τεσθαι
1170 2517 1334 2552 ἀμετρήτοις
1347 2516 1413 2552 (70),
1425 2513 1441 2549 ἧ
1456 2516 1506 2552 τὴν
1517 2517 1637 2553 κεφαλὴν
1648 2518 1872 2555 ἀποτμηθῆναι.

260 2565 319 2594 Hoc
339 2564 473 2601 principis
489 2563 580 2592 edicto
603 2563 792 2599 promulgato,
816 2563 893 2598 plebs
909 2563 1013 2591 Gallica

226 2612 364 2640 concessit
376 2611 515 2646 suscipere
527 2614 669 2646 tyrannos,
693 2613 722 2636 ut
735 2616 783 2644 per
796 2609 863 2636 lines
877 2617 942 2636 suos
956 2611 1014 2636 sive

225 2659 341 2687 vicinias
355 2661 500 2694 penetrare
513 2659 637 2692 possent.
655 2655 688 2682 Et
704 2663 767 2683 mox
780 2656 852 2683 beati
872 2655 946 2684 illius
961 2656 1012 2683 viri

225 2706 332 2733 celebre
354 2711 454 2733 nomen
479 2703 547 2739 ipsis
569 2703 737 2730 declaratum
759 2706 812 2730 est.
829 2701 875 2729 Sic
896 2710 961 2738 ergo
983 2707 1013 2730 ut

225 2751 267 2778 eis
290 2751 478 2785 praescriptum
500 2748 608 2780 fuerat,
627 2747 772 2775 celerrimo
793 2754 894 2780 cursu,
918 2754 1012 2782 parato

226 2796 334 2828 animo,
351 2794 433 2830 399
447 2793 523 2821 vultu
538 2793 614 2821 varie
637 2796 753 2825 mutato,
771 2793 906 2821 Lutetiam
934 2793 1012 2820 Pari-

226 2841 328 2867 siorum
344 2838 479 2874 ingressi,
498 2838 554 2866 illic
571 2842 698 2866 sanctum
714 2838 804 2866 virum
819 2839 893 2866 hunc
907 2838 1011 2874 Diony-

222 2884 294 2912 sium
321 2885 482 2912 invenerunt
511 2892 574 2912 cum
597 2884 695 2913 alienis
717 2892 732 2912 a
755 2885 887 2921 religione
916 2889 1010 2913 nostra

1098 2562 1176 2591 Μετὰ
1192 2563 1219 2589 δέ
1235 2562 1322 2590 ταῦτα
1342 2563 1376 2590 τὰ
1398 2563 1596 2599 προστάγματα
1611 2563 1659 2590 τοῦ
1683 2564 1830 2600 ἄρχοντος
1860 2567 1875 2592 ό

1063 2608 1140 2645 ὄχλος
1162 2609 1360 2645 προσδέξασθαι
1381 2609 1430 2644 τῆς
1447 2609 1581 2644 Γαλλικῖκ
1608 2611 1774 2647 συναπήχθη
1800 2614 1875 2644 τοὺς

1063 2654 1222 2689 τυράννους,
1240 2654 1287 2680 τοῦ
1304 2654 1417 2681 διελθεῖν
1429 2656 1458 2681 ὲν
1468 2656 1525 2687 τοῖς
1537 2656 1671 2691 συνορίοις
1682 2657 1781 2684 αὐτῶν
1794 2658 1872 2693 (τίν

1064 2700 1110 2727 καὶ
1126 2699 1263 2735 παρευθὺς
1279 2700 1327 2726 τοῦ
1346 2701 1481 2736 μακαρίου
1499 2700 1606 2727 ἐκείνου
1623 2701 1725 2738 ἀνδρὸς
1742 2703 1779 2730 τὸ
1800 2703 1875 2730 ἐπά-

1063 2745 1118 2778 ξιον
1143 2746 1228 2780 δνομα
1253 2745 1414 2780 ἐνεφανίσθη
1435 2746 1526 2777 αὐτοῖς
1544 2746 1611 2782 (72).
1639 2746 1737 2780 οὕτως
1755 2747 1812 2776 οὖν
1832 2749 1874 2780 ὡς

1063 2792 1155 2823 αὐτοῖς
1182 2792 1291 2826 ἐγένετο
1316 2792 1572 2828 προστεταγμένον,
1599 2793 1726 2830 ταχίστῳ
1743 2795 1873 2830 δρόμῳ.

1063 2838 1195 2874 προθύμῳ
1215 2838 1313 2874 καρδίᾳ
1330 2839 1375 2865 καὶ
1392 2837 1564 2874 ήλλοιωμένῳ
1581 2839 1726 2876 προσώπῳ
1744 2841 1811 2877 (τε)
1831 2841 1876 2872 εἰς

1063 2885 1197 2922 Παρισίαν
1214 2885 1380 2918 εἰσελθόντες
1393 2905 1400 2918 ,
1419 2886 1507 2912 ἐκεῖσε
1523 2884 1570 2911 τὸν
1587 2885 1665 2919 ἅγιον
1683 2888 1778 2924 ἄνδρα,
1806 2898 1875 2916 τοι-
