1950 3065
145 198 196 226 671

656 188 883 231 MARTYRIUM,
901 196 1065 226 Aucrons
1080 196 1281 228 usrnomo.‘

1714 203 1767 232 678

142 257 199 285 τονὶ
230 255 367 283 Διονύσιον
400 251 480 292 εὖρον
512 255 583 284 κατὰ
614 256 668 284 τῶν
698 257 821 284 ἀπίστων
849 257 918 284 πολει

981 257 1142 286 hominibus
1158 257 1325 292 bellantem”,
1339 261 1367 286 et
1380 257 1506 287 doctrina
1526 259 1650 295 quotidie
1671 261 1767 288 multi-

143 304 258 341 μοῦντα,
272 304 318 330 καὶ
329 303 475 339 διδάγμασι
487 304 546 330 καθ’
559 304 679 340 ἑκάστην
695 303 784 340 πλήθη
801 303 872 330 λαῶν
888 304 928 336 εἰς

141 351 192 386 τὴν
208 350 298 377 πίστιν
315 350 362 377 τοῦ
380 349 499 386 Χριστοῦ
517 350 754 386 προσκαλούμενον
773 359 780 365 ·
801 351 861 386 μετ’
878 351 927 377 αὺ-

140 396 189 424 τοῦ
204 397 232 423 δὲ
246 396 350 423 καὶτὸν
365 397 498 431 μακάριον
515 396 599 432 ἄνδρα
632 396 787 423 Ῥούστικον
802 396 848 423 τὸν
865 405 929 432 πρε-

142 442 283 478 σϐύτερον,
297 442 343 469 καὶ
360 442 527 477 Ἐλευθέριον
542 443 587 468 τὸν
604 442 738 474 διάκονον,
755 441 802 474 οὒς
818 442 898 474 αὐτὸς
914 443 928 468 ὀ

143 488 276 524 μακάριος
300 487 369 523 ἀνὴρ
385 488 424 519 εἰς
440 488 502 519 τοὺς
521 487 601 520 ἰδίους
620 487 741 523 βαθμοὺς
764 487 925 523 καθιέρωσε.

141 534 206 566 Τοῖς
234 531 281 560 οὖν
302 533 464 568 διδάγμασιν
480 533 562 560 αὑτοῦ
580 533 723 565 κοινωνοὺς
740 533 786 560 καὶ
804 532 927 568 μαθητὰς

139 579 220 610 ὄντας
246 579 299 605 τῶν
324 578 446 606 διωκτῶν
472 580 489 615 ἡ
517 579 670 615 σκληρότης
699 577 746 605 καὶ
771 579 788 612 ἡ
816 577 928 604 ἀσέϐεια

140 623 289 651 κατέλαϐεν
316 623 383 659 ἀμα-
411 621 492 651 Οὑτοι
515 623 570 659 γὰρ
596 623 667 658 ἀγιοι
689 623 785 658 ἄνδρες
801 622 856 649 ἀπὸ
878 621 926 648 τοῦ

141 669 276 705 μακαρίου
301 670 439 696 Διονυσίου
457 669 603 706 ἀχώριστοι
623 670 757 705 ὑπῆρχον,
778 668 826 701 οὒς
845 668 891 695 καὶ
908 669 925 704 ὴ

139 715 199 743 θεία
215 716 340 743 εὐσέϐεια
360 717 564 752 προεγίνωσκεν
590 717 724 753 ὑπάρχειν
744 715 927 752 συγκληρονό-

141 770 219 798 μους.
249 763 380 798 Ἔχαιρεν
405 760 451 789 οὖν
473 764 487 789 ὁ
510 763 611 797 ἀγαθὸς
628 763 720 799 πατὴρ
737 763 766 790 ἐν
782 763 842 789 δυσὶ
860 770 926 798 προ-

139 808 283 836 κόπτουσιν
311 809 399 841 υίοῖς,
428 810 470 836 ὅτι
497 809 567 841 ἄξιοι
591 807 660 845 ἦσαν
684 808 737 836 υίοὶ
758 807 805 835 τοῦ
823 808 926 844 πατρὸς

138 855 170 882 τὸ
185 855 293 891 φορτίον
310 856 339 883 ἐν
355 855 493 891 Πνεύματι
508 857 564 888 τοῖς
581 856 669 890 ἁγίοις
687 855 802 891 ἐλαφρὸν
827 854 927 890 βαστά-

980 302 1091 331 tudines
1106 301 1270 338 populorum
1283 303 1317 330 ad
1331 303 1411 331 iidem
1428 304 1532 332 Christi
1543 305 1699 333 hortantem
1711 314 1719 339 ;
1734 313 1767 334 ac

979 356 1042 376 cum
1056 357 1089 377 eo
1103 349 1213 377 beatum
1226 350 1316 377 virum
1337 349 1482 379 Rusticum
1504 352 1696 388 presbyterum
1706 371 1714 384 ,
1737 357 1766 380 et

979 393 1166 422 Eleutherium
1191 395 1336 423 diaconum
1350 417 1357 429 ,
1380 404 1450 432 quos
1472 397 1530 431 ipse
1555 397 1652 425 beatus
1678 399 1721 425 vir
1737 399 1766 426 in

979 440 1037 468 suis
1053 440 1197 468 ordinibus
1211 446 1432 469 consecraverat.
1448 441 1501 470 Eas
1517 443 1627 478 quidem
1639 463 1647 476 ,
1665 443 1714 478 qui
1737 447 1766 472 et

978 486 1038 521 ejus
1052 485 1184 513 doctrinas
1202 494 1234 514 ac
1255 487 1409 522 disciplinae
1437 488 1566 524 discipuli
1588 493 1615 516 et
1635 497 1765 524 persecu-

977 532 1084 559 tionum
1109 533 1178 560 socii
1202 537 1298 565 erant,
1325 533 1455 561 ferocitas
1479 538 1506 561 et
1532 535 1659 570 impietas
1681 536 1765 563 simul

977 577 1093 605 invenit.
1119 577 1153 605 lii
1170 578 1242 606 enim
1256 579 1344 606 sancti
1358 578 1411 606 viri
1427 586 1443 605 a
1458 579 1538 607 beato
1552 579 1681 616 Dionysio
1704 581 1764 608 dis-

973 623 1052 660 jungi
1078 632 1133 651 non
1147 627 1292 659 poterant,
1308 631 1379 660 quos
1395 625 1479 652 etiam
1504 625 1596 653 divina
1611 626 1700 661 pietas
1718 634 1766 653 co-

976 669 1100 697 imredes
1115 669 1173 698 fore
1187 674 1368 705 praenoverat.
1384 669 1527 698 Gaudebat
1543 671 1627 706 igitur
1641 671 1768 699 delecta-

975 716 1110 752 baturque
1121 717 1212 744 bonus
1221 723 1324 752 parens
1335 716 1442 744 duobus
1454 717 1566 750 liberis,
1580 718 1627 752 qui
1638 725 1764 753 progres-

977 771 1027 792 sus
1050 764 1204 796 faciebant,
1228 764 1302 799 quod
1322 763 1398 799 digni
1419 767 1513 791 essent
1527 763 1594 796 ﬁlii,
1607 765 1657 800 qui
1673 763 1763 793 Patris

978 817 1049 838 onus
1065 810 1138 845 quod
1153 817 1201 845 per
1214 809 1348 845 Spiritum
1365 809 1469 837 sanctis
1484 809 1543 838 leve
1556 814 1618 842 est,
1635 810 1763 838 subleva-

975 861 1054 889 rent,
1069 861 1112 890 ut,
1131 857 1226 884 carnis
1245 857 1381 893 gravitate
1391 857 1532 892 deposita,
1554 856 1589 884 ad
1608 864 1709 892 purum
1729 857 1764 884 li.-

139 909 203 934 σαι,
222 902 276 934 ἵνα,
289 901 319 928 τὸ
336 901 420 938 βάρος
439 903 490 938 τῆς
513 902 615 938 σαρκὸς
637 902 817 937 ἀποθέμενοι,
831 903 859 928 ἐν
873 909 918 928 κα-

976 903 1090 940 quidum
1121 911 1186 930 aera
1207 903 1316 931 evolare
1338 906 1473 938 possent:
1497 903 1525 930 in
1545 903 1648 938 quibus
1679 903 1761 931 etiam

138 947 214 983 θαρῷ
224 936 380 984 δυνηθῶσιν.
387 949 447 985 ἀέρι
459 936 601 982 πετᾶσθαι,
614 946 654 981 οἷς
668 948 714 976 καὶ
726 936 783 983 ιρῶς
792 957 818 974 τι
831 948 918 983 συνῆν.

976 936 1068 985 lbmep
1089 949 1225 985 quoddam
1247 953 1307 977 erat
1332 936 1457 976 insitum.
1478 936 1563 976 Miror
1578 952 1668 978 autem
1681 969 1689 983 ,
1709 949 1758 985 qui

137 995 275 1030 Θαυμάζω
285 995 313 1022 δὲ
325 995 382 1028 πῶς
395 995 505 1028 ἀόπλοις
517 996 644 1031 ἀνδράσιν
661 995 711 1022 οὐκ
725 994 841 1030 ἠδύνατο
857 994 918 1030 πλη-

976 995 1129 1022 inermibus
1142 994 1211 1022 viris
1227 1002 1283 1021 non
1296 998 1404 1029 poterat
1419 994 1565 1022 multitudo
1585 999 1690 1022 armata
1710 995 1761 1023 ob-

137 1041 186 1073 θὺς
207 1041 318 1074 ἔνοπλος
338 1042 508 1078 ἀντιστῆναι.
530 1042 598 1069 Τότε
615 1039 660 1068 οὖν
677 1041 691 1068 ό
708 1041 860 1076 ἀρχέκακος
880 1041 918 1076 ἐχ-

974 1042 1082 1069 sistere.
1099 1041 1168 1068 Tum
1184 1041 1304 1076 denique
1319 1044 1415 1068 auctor
1433 1041 1570 1068 malorum
1588 1040 1691 1074 hostis,
1713 1042 1759 1076 qui

137 1087 212 1124 θρὸς,
226 1087 338 1124 θεωρῶν
353 1089 403 1125 τὴν
420 1089 517 1116 ἑαυτοῦ
534 1088 647 1125 δύναμιν
662 1088 859 1124 ἀπολλυμένην,
876 1088 924 1115 καὶ

135 1134 185 1170 τὴν
213 1134 260 1161 τοῦ
284 1135 387 1171 Κυρίου
417 1135 619 1171 φυλαττομένην
639 1135 684 1162 καὶ
710 1134 847 1166 νικῶσαν,
876 1133 924 1160 καὶ

136 1179 197 1207 καθ⁷
222 1180 340 1216 ἑκάστην
363 1180 414 1216 τὴν
437 1180 485 1208 τοῦ
501 1179 566 1208 λαοῦ
589 1180 788 1217 προϐαίνουσαν
813 1179 922 1212 πίστιν,

135 1226 210 1262 πάσῃ
222 1226 255 1262 τῇ
280 1227 362 1264 τέχνῃ
373 1227 456 1254 αὑτοῦ
467 1228 506 1259 είς
519 1226 617 1264 ἔχθραν
629 1226 790 1262 πολεμικὴν,
811 1227 873 1263 ἥτις
888 1224 922 1262 ἦν

134 1272 347 1308 καθωπλισμένη
362 1293 369 1305 ,
386 1273 446 1300 κατ’
460 1272 550 1300 αὐτῶν
567 1272 717 1309 ἐπέστρεψε
735 1280 742 1287 ·
761 1272 808 1299 καὶ
824 1272 922 1304 αὑτοὺς

133 1319 196 1350 τοὺς
212 1319 253 1350 είς
268 1318 316 1345 ἐνα
333 1318 380 1345 καὶ
396 1318 521 1354 ἀληθινὸν
538 1317 639 1354 Κύριον
656 1317 831 1350 πιστεύοντας
841 1337 849 1350 ,
875 1318 922 1344 καὶ

133 1363 172 1399 τῷ
188 1363 259 1400 ἀγίῳ
277 1363 448 1400 βαπτίσματι
465 1363 515 1399 ἤδη
530 1363 764 1399 ’πεπληρωμένους
785 1363 835 1398 τῆς
860 1362 922 1389 τού-

132 1419 187 1438 των
203 1410 378 1442 διδασκαλίας
390 1431 398 1443 ,
423 1409 513 1445 ἐαυτῷ
531 1410 674 1436 πιστεῦσαι
691 1409 734 1436 διὰ
752 1408 856 1436 πολλῶν
874 1409 921 1445 βα-

133 1457 222 1483 σάνων
247 1456 508 1492 ἐξομολογουμένους
535 1455 648 1482 ἔσπευδε
675 1456 778 1482 πεῖσαι.
810 1455 879 1482 Ἀλλ’
896 1456 920 1482 οἱ

133 1502 205 1538 ἅγιοι
222 1503 327 1539 ἄνδρες,
342 1502 508 1538 δμολογηταὶ
525 1501 572 1528 καὶ
591 1502 730 1537 μάρτυρες
742 1521 750 1533 ,
767 1501 815 1537 τὴν
836 1501 920 1528 αὑτοῦ

132 1548 179 1575 καὶ
195 1548 249 1575 τῶν
265 1548 371 1575 ἀσεϐῶν
387 1547 488 1575 λύσσαν
504 1549 538 1583 τῇ
554 1546 619 1582 ἁγίᾳ
648 1546 807 1582 διδασκαλίᾳ
831 1547 920 1574 αὑτῶν

133 1593 180 1620 καὶ
195 1594 256 1624 ταῖς
274 1592 405 1627 μεγάλαις
422 1591 553 1627 δυνάμεσι
579 1591 734 1623 διαλύοντες
745 1611 753 1623 ,
778 1591 921 1627 ἐπεστήρι-
933 1603 957 1634 C

132 1638 177 1670 ζον
193 1638 257 1670 τοὺς
276 1637 415 1673 μαθητὰς,
433 1637 614 1668 συναντῶντες
631 1638 687 1668 τοῖς
700 1637 821 1672 ἀνόμοις,
833 1637 919 1664 οὐδενὶ

131 1683 207 1719 φόϐῳ
229 1683 283 1710 τῶν
299 1683 406 1710 ἀσεϐῶν
431 1683 630 1719 προσέχοντες,
656 1683 705 1718 τὴν
730 1683 778 1709 τοῦ
802 1683 920 1721 Χριστοῦ

138 1729 299 1765 Ἐκκλησίαν
313 1729 485 1765 καθ’ήμέραν
500 1729 665 1765 εὑθηνοῦσαν
678 1728 832 1764 ἐπροίκιζον
847 1729 917 1765 (74)-

130 1775 177 1803 καὶ
193 1776 237 1802 ὅτε
254 1775 270 1811 ἡ
294 1775 443 1811 Ἐκκλησία
459 1775 511 1802 ὑπὸ
527 1775 580 1802 τῶν
599 1775 671 1802 ίδίων
691 1775 857 1802 διδασκάλων
877 1775 918 1811 τῷ

129 1822 201 1857 λόγῳ
215 1822 322 1856 ἐγένετο
337 1821 555 1857 τεθεμελιωμένη
575 1821 675 1853 ἱκανῶς
687 1840 694 1852 ,
709 1822 734 1847 εί
753 1821 798 1848 καὶ
812 1821 846 1848 τὰ
865 1821 918 1857 μά-

129 1868 207 1896 λιστα
223 1868 409 1904 συνεταράχθη
422 1887 430 1900 ,
457 1868 503 1894 καὶ
527 1867 564 1899 ὡς
584 1867 720 1901 καταιγίδι
745 1867 893 1903 συνεσχέθη
910 1887 918 1900 ,

128 1916 183 1942 τῶν
197 1915 320 1943 διωκτῶν
340 1915 402 1942 τότε
424 1914 616 1950 αὐξανομένων
635 1915 669 1949 τῇ
687 1913 839 1954 τυραννίδι·
858 1914 918 1941 τότε

129 1962 176 1988 καὶ
204 1961 273 1997 αὑτὴ
306 1961 422 1997 μάλιστα
448 1959 606 1996 Γερμανία,
639 1961 655 1996 ἡ
689 1959 793 1996 μεγάλη
821 1959 916 1996 χώρα,

129 2006 279 2042 θηριώδους
301 2007 483 2043 σκληρότητος
514 2007 561 2033 καὶ
589 2005 715 2038 ἀσεϐείας
747 2006 916 2041 μετέχουσα,

129 2053 335 2089 ὑποτεταγμένῃ
350 2053 448 2088 καρδία
464 2052 511 2079 καὶ
544 2052 766 2088 κατανενυγμένῃ
787 2052 832 2078 τὸν
851 2052 917 2088 τρά-

127 2099 208 2134 χηλον
226 2100 325 2134 ἐαυτῆς
350 2099 389 2134 τῷ
405 2099 451 2125 τοῦ
468 2098 587 2134 Χριστοῦ
605 2097 679 2133 ζυγῴ
694 2098 854 2134 ὑποθήσασα
872 2098 917 2124 καὶ

127 2145 417 2181 δεδιδαγμένη,ἔχαιρε
434 2146 467 2180 τῇ
484 2145 537 2171 τῶν
554 2145 720 2171 διδασκάλων
738 2145 917 2181 στερεωθεῖσα

127 2190 226 2217 πίστει.
235 2191 290 2217 Καὶ
301 2188 378 2222 αὖθις
390 2192 569 2227 κατέρριπτον
582 2190 616 2217 τὰ
630 2191 727 2218 εἴδωλα
741 2191 829 2218 αὑτῶν
839 2191 874 2218 τὰ
885 2193 917 2218 ἐκ

126 2237 177 2272 τῆς
186 2237 275 2264 αὐτῶν
287 2237 375 2269 ἐξόδου
388 2237 595 2273 ᾠκοδομημένα,
608 2238 655 2264 καὶ
667 2238 764 2273 λιμένα
779 2238 915 2274 σωτηρίας

973 1090 1000 1114 et
1015 1087 1164 1122 potentiam
1180 1095 1257 1114 suam
1273 1086 1403 1119 dissolvi,
1419 1089 1447 1114 et
1469 1087 1542 1114 illam
1566 1086 1674 1115 Domini
1693 1095 1761 1114 con-

973 1133 1077 1160 servari
1092 1139 1124 1160 ac
1137 1133 1248 1162 vincere
1263 1132 1511 1163 animadverteret,
1528 1135 1557 1160 et
1572 1133 1664 1168 populi
1680 1132 1760 1160 [idem

977 1176 1103 1211 quotidie
1117 1176 1258 1212 progredi,
1286 1176 1362 1203 omni
1376 1181 1436 1204 arte
1455 1184 1505 1204 sua
1528 1177 1687 1205 inimicitias
1710 1178 1761 1205 ho-

973 1222 1051 1249 stiles
1064 1242 1071 1255 ,
1088 1229 1150 1257 quae
1165 1225 1278 1249 armatae
1291 1225 1372 1249 erant
1383 1241 1391 1253 ,
1415 1221 1443 1249 in
1464 1229 1513 1249 eos
1534 1223 1671 1250 convertit
1683 1232 1691 1250 :
1704 1223 1761 1250 eis-

972 1276 1025 1304 que
1049 1268 1096 1304 qui
1121 1275 1206 1295 unum
1228 1275 1260 1295 ac
1285 1275 1380 1295 verum
1402 1267 1546 1296 Dominum
1567 1276 1646 1303 esse,
1678 1274 1760 1304 atque

973 1320 1099 1343 sanctum
1113 1314 1293 1350 baptismum,
1303 1315 1359 1350 jam
1373 1315 1471 1342 horum
1486 1315 1619 1343 doctrinae
1629 1323 1662 1343 ac
1674 1316 1760 1344 disci-

970 1362 1053 1397 plina:
1071 1361 1144 1397 pleni
1159 1361 1310 1388 credebant
1320 1381 1328 1394 ,
1344 1361 1473 1389 studebat
1487 1363 1652 1397 persuadere
1666 1362 1760 1390 multis

972 1407 1114 1443 suppliciis
1130 1414 1162 1434 ac
1179 1406 1322 1434 tormentis
1332 1426 1339 1439 ,
1355 1411 1386 1434 ut
1401 1407 1453 1435 sibi
1467 1407 1581 1436 credere
1597 1407 1758 1436 faterentur.

971 1453 1006 1480 At
1030 1453 1120 1480 sancti
1140 1452 1212 1484 viri,
1235 1451 1412 1480 confessores
1437 1455 1520 1488 atque
1543 1457 1680 1489 martyres
1699 1454 1760 1487 ejus

972 1503 1055 1534 atque
1081 1499 1227 1534 impiorum
1256 1498 1366 1526 illorum
1393 1498 1537 1526 hominum
1560 1498 1681 1526 furorem
1707 1499 1757 1526 do-

971 1546 1060 1573 ctrina
1082 1552 1132 1572 sua
1159 1544 1322 1580 magnisque
1350 1545 1500 1573 virtutibus
1529 1545 1759 1580 comprimentes.

972 1590 1123 1625 discipulos
1137 1589 1337 1617 conﬁrmabant
1349 1598 1356 1623 ;
1368 1593 1600 1625 occurrentesque
1612 1590 1738 1618 scelestis
1749 1609 1758 1622 ,

973 1644 1025 1664 nec
1050 1636 1133 1664 ullius
1163 1636 1311 1671 impiorum
1335 1641 1425 1664 metus
1450 1637 1584 1664 rationem
1608 1636 1758 1668 habentes.

969 1683 1122 1712 Ecclesiam
1138 1683 1241 1711 Christi
1257 1683 1381 1718 quotidie
1397 1684 1538 1711 ﬂorentem
1561 1687 1587 1710 ct
1609 1691 1759 1718 augescen-

969 1735 1024 1758 tcm
1040 1731 1181 1758 dotabant.
1198 1730 1230 1756 Et
1246 1738 1309 1757 cum
1324 1730 1448 1758 Ecclesia
1471 1738 1487 1757 a
1513 1731 1572 1759 suis
1599 1731 1759 1760 doctoribus

969 1775 1017 1803 Dei
1035 1776 1118 1803 verbo
1134 1776 1201 1803 satis
1217 1775 1329 1804 fundata
1347 1776 1415 1807 fuit.
1432 1777 1484 1803 etsi
1506 1777 1624 1804 maxime
1646 1781 1758 1805 contur-

969 1822 1033 1850 bata
1063 1827 1154 1856 esset,
1180 1827 1206 1851 et
1233 1823 1312 1859 quasi
1335 1828 1498 1858 tempestate
1521 1823 1656 1856 confusa.
1684 1825 1758 1860 quod

969 1872 1028 1896 tum
1043 1873 1236 1904 persecutores
1252 1869 1398 1904 tyrannide
1414 1873 1593 1902 crescerent;
1618 1873 1676 1896 tum
1699 1870 1757 1905 ipsa

971 1917 1053 1943 etiam
1071 1915 1217 1944 Germania
1233 1923 1331 1951 magna
1353 1915 1448 1951 regio,
1471 1923 1531 1950 quae
1554 1915 1673 1943 ferarum
1694 1924 1758 1944 cru-

968 1962 1080 1989 delitate
1103 1966 1130 1990 et
1157 1962 1297 1997 impietate
1320 1967 1380 1989 erat
1406 1962 1538 1997 praedita,
1554 1970 1617 1989 cum
1641 1962 1758 1990 subacto

968 2013 1189 2044 compunctoque
1204 2008 1296 2035 animo
1314 2008 1450 2035 cervicem
1466 2015 1544 2035 suam
1569 2007 1671 2035 Christi
1691 2008 1757 2043 jugo

968 2055 1162 2088 submisisset,
1181 2063 1212 2082 ac
1227 2055 1330 2081 domita
1357 2058 1450 2086 esset,
1477 2057 1676 2089 praeceptorum
1703 2054 1756 2081 ﬁde

966 2103 1128 2129 conﬁrmata
1144 2101 1280 2136 gaudebat
1295 2109 1302 2133 ;
1318 2103 1345 2127 et
1370 2103 1465 2134 postea
1486 2099 1646 2133 deiecerunt
1669 2099 1757 2127 simu-

968 2147 1040 2175 lacra
1049 2155 1110 2181 sua,
1122 2155 1182 2182 quze
1196 2146 1231 2174 ab
1241 2146 1362 2181 ipsorum
1374 2145 1499 2173 discessu
1510 2144 1643 2172 aediﬁcata
1656 2150 1735 2172 erant
1745 2165 1754 2177 ,

968 2195 1134 2229 inventoque
1150 2197 1230 2228 portu
1251 2192 1360 2223 salutis,
1377 2195 1470 2226 partes
1485 2191 1606 2226 reliquas
1619 2191 1755 2226 naufragii

968 2242 1178 2269 simulacrorum
1203 2239 1317 2274 periisse
1342 2238 1515 2265 laetabantur.
1539 2237 1754 2264 Lamentabatur

126 2283 262 2319 εὑρόντες,
281 2283 396 2310 εἰδώλων
404 2283 512 2320 ἔχαιρον
525 2283 671 2310 ἀπολέσθαι
684 2283 717 2310 τὰ
728 2283 916 2319 ναυάγια(75),

970 2293 1034 2320 ergo
1050 2289 1107 2312 tum
1125 2291 1188 2320 pars
1203 2284 1311 2311 sublata
1326 2282 1428 2310 diaboli
1442 2301 1450 2315 ,
1465 2289 1528 2309 cum
1543 2282 1642 2309 victrix
1658 2281 1750 2309 Eccle-

131 2328 254 2365 Ἑθρήνει
263 2327 309 2356 οὖν
318 2329 403 2365 τότεὴ
418 2330 497 2365 μερὶς
512 2329 651 2365 κινηθεῖσα
664 2329 711 2356 τοῦ
726 2329 858 2361 διαϐόλου,
870 2329 914 2355 ὅτε

124 2379 142 2412 ή
158 2376 283 2412 νικητικὴ
302 2376 449 2412 Ἐκκλησία
462 2376 565 2403 πιστῶν
581 2376 694 2411 λεγεῶνι
709 2376 872 2412 ἐξενίκησεν.

162 2423 216 2450 Καὶ
232 2423 275 2450 ὅτε
288 2422 374 2450 ταῦτα
400 2423 522 2457 ἐγένοντο
547 2422 625 2458 θυμῷ
647 2422 783 2454 ἀσεϐείας,
800 2423 824 2448 οἱ
842 2421 913 2457 ὑπη-

126 2468 216 2505 ρέται,
233 2468 396 2504 σκληρότητι
420 2468 597 2503 ἐξαφθέντες,
614 2468 662 2494 ἕνα
685 2469 717 2495 ἐκ
740 2468 844 2494 τούτων
867 2467 913 2494 τὸν

124 2516 202 2550 ἄτιον
225 2515 309 2551 ἄνδρα
325 2515 462 2542 Διονύσιον
487 2515 555 2550 μετὰ
583 2514 703 2550 μεγάλης
730 2514 842 2550 καρδίας
866 2515 913 2541 καὶ

123 2562 242 2593 πίστεως
259 2562 504 2596 κατατολμήσαντα
521 2560 587 2596 (76),
605 2560 686 2587 αὑτὸν
704 2560 812 2593 ἰδόντες,
831 2569 912 2596 προσ-

121 2608 245 2640 ελθόντες
268 2606 353 2635 εἷπον·
373 2618 382 2634 ι
397 2609 453 2634 Οὑκ
478 2606 504 2634 εἷ
528 2608 560 2634 σὺ
577 2607 591 2633 ὁ
610 2606 750 2642 ἀνώνυμος
774 2607 876 2643 γέρων,
898 2609 912 2634 ὁ

121 2655 177 2682 τῶν
193 2655 262 2682 θεῶν
278 2654 357 2691 ἡμῶν
372 2654 403 2681 τὸ
421 2653 503 2686 σέϐας
526 2653 659 2686 κενώσας,
674 2653 721 2680 καὶ
741 2655 798 2685 τοῖς
814 2654 910 2690 ἀκινή-

122 2709 180 2733 τοις
204 2701 333 2736 ἄρχουσιν
358 2700 537 2734 ἀντιπιπτων,
561 2699 608 2726 καὶ
623 2699 657 2725 τὰ
679 2699 801 2735 δόγματα
821 2699 911 2726 αὐτῶν

121 2747 354 2782 ἀποϐαλλόμενοςς
372 2746 440 2774 Εὶπέ
464 2746 521 2779 νῦν,
539 2746 611 2778 τίνος
639 2745 733 2772 ἐαυτὸν
754 2745 843 2779 λέγεις
865 2746 911 2772 τὸν

121 2794 226 2830 λάτριν,
248 2793 360 2829 ἣποίαν
377 2793 569 2829 ἐξομολόγησιν
592 2792 640 2828 τῆς
666 2791 762 2818 ἑαυτοῦ
787 2792 910 2825 ἐξουσίας

122 2839 304 2875 προγράφεις;
321 2849 330 2865 ›
349 2839 415 2865 Τότε
430 2838 521 2865 λοιπὸν
537 2834 611 2864 οὗτοι
624 2838 648 2863 oi
660 2836 852 2873 τρια-μακάριοι
864 2837 910 2863 ἀν-

120 2885 193 2920 δρες,
218 2884 364 2916 Διονύσιος,
395 2884 550 2915 Ῥούστικος
574 2883 621 2910 καὶ
654 2883 829 2917 Ἐλευθέριος,
854 2882 909 2908 τῶν

121 2930 204 2966 τριῶν
222 2931 322 2958 παίδων
344 2931 398 2958 τῶν
423 2932 452 2958 ἐν
477 2931 584 2967 καμίνῳ
607 2930 654 2957 τοῦ
679 2929 763 2965 πυρὸς
790 2937 908 2966 περιπα-

965 2331 1006 2358 sia
1022 2330 1140 2357 fidelium
1155 2329 1262 2364 legione
1277 2327 1386 2355 devicit.

999 2419 1068 2448 Cum
1084 2418 1141 2446 hare
1155 2422 1231 2453 gesta
1245 2421 1311 2446 sunt
1330 2418 1422 2446 lurore
1433 2418 1516 2454 ωο
1529 2418 1687 2454 impietatis,
1703 2420 1753 2447 mi-

964 2465 1043 2494 nistri
1053 2465 1222 2493 crudelitate
1238 2463 1409 2495 inﬂammati.
1421 2472 1506 2492 unum
1521 2472 1554 2492 ex
1565 2464 1608 2492 his
1625 2469 1751 2493 sanctum

964 2512 1052 2538 virum
1080 2510 1239 2545 Dionysium
1263 2510 1399 2542 videntes,
1415 2516 1478 2536 cum
1503 2517 1602 2545 magno
1618 2510 1709 2537 animo
1724 2514 1751 2537 et

963 2557 1016 2584 ﬁde
1031 2560 1129 2583 contra
1145 2555 1303 2586 audentem,
1322 2555 1365 2582 his
1381 2555 1472 2583 verbis
1488 2563 1562 2587 eum,
1580 2563 1642 2582 cum
1657 2562 1750 2583 acces-

963 2604 1060 2634 sisset,
1079 2604 1284 2629 convenerunt:
1299 2610 1310 2627 I
1323 2600 1392 2627 Num
1409 2605 1439 2628 tu
1455 2609 1486 2628 es
1502 2600 1629 2636 ignobilis
1645 2601 1690 2628 ille
1706 2608 1750 2628 se-

963 2655 1017 2675 nex
1033 2647 1080 2682 qui
1103 2646 1216 2675 deorum
1233 2649 1391 2673 nostrorum
1413 2645 1517 2673 cultum
1537 2645 1748 2680 religionemque

962 2693 1108 2725 sustulisti,
1119 2697 1146 2720 ct
1162 2692 1271 2720 invictis
1286 2691 1456 2727 principibus
1465 2692 1588 2724 obsistis,
1599 2699 1748 2725 eorumque

961 2740 1050 2768 edicta
1068 2739 1240 2767 contemnis?
1263 2738 1310 2765 Dic
1330 2745 1415 2770 nunc,
1433 2738 1513 2771 cujus
1537 2741 1566 2764 tu
1587 2737 1626 2764 sis
1648 2737 1746 2768 cultor,

961 2790 1008 2814 aut
1029 2793 1110 2822 quam
1134 2784 1276 2820 potestatis
1295 2787 1349 2811 tua;
1363 2783 1563 2819 professionem
1580 2781 1718 2817 praeferas.
1735 2793 1745 2808 ι

961 2834 1029 2861 Tum
1051 2840 1116 2868 ergo
1134 2832 1159 2859 hi
1178 2837 1218 2859 ter
1234 2831 1304 2858 beati
1319 2831 1381 2861 viri,
1403 2829 1557 2864 Dionysius,
1574 2827 1704 2856 Rusticus
1720 2833 1748 2856 et

961 2881 1143 2911 Elcntlwrius,
1159 2879 1240 2905 trium
1254 2884 1397 2912 pilerorum
1411 2876 1437 2902 in
1455 2876 1564 2903 fornace
1578 2875 1648 2910 ignis
1660 2875 1748 2902 inam-

960 2928 1112 2957 bulaivtium
1140 2926 1236 2960 spiritu
1263 2923 1345 2959 pleni.
1363 2926 1390 2950 et
1408 2923 1577 2953 muneribus.
1596 2921 1675 2957 quasi
1692 2928 1748 2948 uno
