1935 3094
179 152 234 180 679

767 151 797 179 S.
817 146 968 179 DlONYSll
984 148 1218 178 AREOPAGITE

1764 150 1812 179 680

178 219 227 239 ore
243 211 295 239 hoc
317 217 483 247 responsum
499 211 690 247 rogationibus
706 210 842 239 dederunt
856 221 863 239 :
880 221 890 238 ‹
905 211 967 239 Ser-

1022 211 1142 238 τούντων
1164 210 1204 246 τῷ
1229 210 1364 246 πνεύματι
1391 209 1597 246 ὲμπιπλὼμενοι
1612 209 1752 243 "xui-rei;
1767 219 1813 246 χα-

178 256 251 284 vitus
267 260 362 284 nostra
386 255 608 284 Christianorum
630 256 681 291 legi
707 256 823 284 subacta
848 264 910 284 esse
924 264 972 284 co-

177 302 331 338 gnoscitur.
349 302 443 337 Itaque
456 310 536 337 quem
555 302 725 337 proﬁtemur,
743 309 806 330 eum
823 303 904 338 plane
919 309 972 329 au-

177 350 255 378 ribus
270 350 369 378 vestris
385 349 559 377 insonamus.
583 347 754 376 Conﬁtemur
769 348 843 376 enim
856 352 884 376 et
899 357 971 384 prae-

177 395 302 423 dicamus
331 395 457 427 Patrem,
479 394 580 422 Filium
607 398 635 422 et
661 393 794 430 Spiritum
823 400 969 424 sanctum:

177 440 286 469 Patrem
308 442 470 476 ingenitum,
496 440 590 468 Jesum
605 447 621 467 a
645 440 706 467 solo
729 439 811 468 Patre
836 440 969 476 genitum,

178 487 310 523 Spiritum
326 491 461 520 sanctum,
475 487 522 522 qui
539 494 555 513 a
571 485 654 514 Patre
677 486 812 521 procedit.
825 496 834 512 ι
853 486 895 513 Ad
912 486 971 514 haec

177 534 253 569 impii
267 536 455 569 persecutores
469 536 496 560 et
507 532 618 568 tyranni
634 532 731 560 beatos
748 530 968 567 interrogabant,

176 580 220 608 his
245 579 357 608 verbis:
373 587 383 604 ι
397 578 469 614 Ergo
493 578 648 613 principum
664 580 824 605 nostrorum
849 577 970 605 edictum

176 634 192 653 a
209 626 285 653 vobis
301 625 497 657 contemnitur,
510 623 670 659 despicitur,
684 631 735 651 nec
752 628 843 651 vestra
860 623 970 652 confes-

177 672 218 700 sio
229 672 392 700 invictorum
402 670 517 699 deorum
534 669 691 698 auctoritati
705 671 890 706 potestatique
904 671 969 698 sub-

175 718 280 753 jicitur.
292 727 303 745 ι
319 717 415 744 Sancti
441 720 546 749 autem,
561 719 592 743 ut
613 723 698 752 supra
713 716 818 744 dictum
843 719 896 747 est.
914 724 970 744 uno

176 765 268 792 animo
286 763 488 799 responderunt
521 763 574 790 hoc
600 762 704 790 modo:
719 771 729 789 ‹
743 762 779 790 Ut
800 763 883 798 paulo
905 767 970 791 ante

175 809 306 841 diximus,
322 809 462 836 Christum
484 805 578 836 Iesum
593 810 689 835 natum
705 815 738 836 ex
754 807 840 835 Maria
858 807 970 844 Virgine

175 856 250 883 omni
267 856 366 891 populo
381 862 446 882 vere
457 853 666 887 annuntiantes,
677 853 859 889 praedicantes
872 859 967 882 contra

1024 256 1170 293 ρίσμασιν,
1191 255 1229 288 ὡς
1246 255 1276 289 ἐξ
1295 256 1355 288 ἑνὸς
1385 257 1521 292 στόματος
1533 256 1662 292 τοιαύτην
1678 257 1733 284 τῶν
1749 257 1813 293 ἔρω-

1022 301 1133 329 τὼντων
1144 301 1288 329 ⁸⁸’έδωκαν
1299 302 1453 338 ἀπόκρισιν·
1469 310 1479 328 ‹
1497 301 1631 334 Δούλωσις
1646 302 1725 338 ἡμῶν
1748 303 1812 339 Χρι-

1023 347 1140 375 στιανῶν
1156 347 1231 383 νόμῳ
1246 346 1410 382 γινώσκεται
1425 347 1621 384 δεδουλωμένη.
1641 348 1752 375 Ὂντινα
1769 347 1813 376 οὗν

1022 393 1273 430 ὲξομολογούμεθα,
1296 393 1421 429 φανερῶς
1440 394 1497 425 τοῖς
1514 394 1581 420 ὠσὶν
1607 394 1683 430 ὑμῶν
1705 395 1812 431 ἐνηχοῦ-

1023 448 1082 475 μεν.
1107 439 1357 475 Ἐξομολογούμεοα
1376 439 1432 475 γὰρ
1459 440 1506 467 καὶ
1530 439 1722 476 κηρύσσομεν,
1750 441 1812 468 καθὸ

1021 485 1068 513 καὶ
1085 485 1259 521 πιστεύομεν,
1270 486 1381 522 Πατέρα
1397 486 1444 513 καὶ
1461 485 1525 512 Υἱδν
1538 486 1584 512 καὶ¹
1601 486 1715 522 Πνεῦμα
1727 487 1811 521 ἅγιον·

1021 531 1132 568 Πατέρα
1155 532 1314 568 ἀγέννητον,
1331 532 1396 559 Υίδν
1422 533 1454 559 ἐκ
1480 532 1563 567 μόνου
1588 532 1695 568 Πατρὺς
1720 541 1814 568 γεννη-

1022 579 1112 611 θέντα,
1125 579 1173 606 καὶ
1185 579 1298 615 Πνεῦμα
1314 579 1391 614 ἅγιον
1406 580 1438 606 ὲκ
1449 578 1558 615 Πατρὸς
1570 579 1793 615 ἐκπορευόμενον.
1801 589 1810 605 ι

1021 621 1093 662 Πρὸς
1115 625 1203 652 ταῦτα
1226 626 1249 652 οἱ
1273 626 1382 658 ἀσεϐεῖς
1404 626 1516 653 διῶκται
1534 625 1580 652 καὶ
1603 625 1729 662 τύραννοι
1752 627 1812 658 τοὺς

1023 672 1173 708 μακαρίους
1200 671 1369 708 ἐπηρώτων,
1391 671 1482 707 ἁγίοις
1507 672 1621 699 τοιαῦτα
1644 672 1812 707 ἀποφθεγγό-

1023 726 1108 754 μενον
1128 727 1137 744 ι
1152 718 1207 745 Καὶ
1230 715 1323 745 λοιπὸν
1342 717 1397 745 τῶν
1420 712 1560 754 ἀρχόντων
1582 718 1662 754 ἡμῶν
1683 717 1712 751 ἐξ
1738 718 1812 754 ὑμῶν

1021 766 1230 801 καταφρονεῖται
1248 765 1265 800 ἡ
1286 765 1427 797 κέλευσις,
1452 764 1670 801 παραδλέπεται,
1696 764 1743 792 καὶ
1764 765 1812 800 οὐχ

1020 810 1037 845 ή
1055 810 1175 846 ὑμετέρα
1193 809 1386 845 ἐξομολόγησις
1407 809 1462 836 τῶν
1478 810 1614 846 ἀνικήτων
1629 809 1698 836 θεῶν
1719 811 1753 845 τῇ
1769 810 1812 843 ἐξ·

1021 855 1100 891 ουσία
1114 855 1266 882 ὑπόκειται.
1279 864 1288 881 ι
1307 855 1338 882 0i
1354 855 1384 882 δὲ
1400 855 1483 890 ἀγιοι,
1499 853 1537 888 ὡς
1553 853 1681 892 ἀνωτέρω
1695 855 1810 891 εἴρηται,

175 901 306 929 audentes
322 905 349 929 et
365 899 516 932 credimus,
528 903 556 928 et
568 901 739 935 proﬁtemur,
751 904 778 928 et
795 907 844 928 ore
858 900 967 928 laudare

1021 902 1050 928 tv
1066 901 1115 937 μιᾷ
1130 901 1202 937 ψυχῇ
1225 901 1432 937 ἀποκριθέντες,
1452 899 1539 928 εἶπον·
1555 906 1564 927 t
1584 901 1628 933 Ὡς
1643 902 1811 937 προέφημεν,

174 954 230 974 non
246 946 416 975 desistimus.
434 946 463 974 in
480 947 534 975 hac
549 950 709 975 sanctorum
733 946 857 974 virorum
873 946 925 974 ﬁde
941 950 969 974 et

174 993 327 1029 apostolatu
346 993 447 1021 ﬁrmati
463 1001 681 1029 perseveremus.
699 1003 709 1020 ι
727 993 762 1020 At
778 993 853 1029 impii
877 1000 970 1028 perse-

174 1044 284 1067 cutores
303 1043 331 1067 et
346 1041 456 1075 tyranni
473 1047 537 1068 cum
553 1046 666 1075 parvam
689 1039 883 1067 remissionem
900 1047 968 1066 con-

174 1086 336 1118 cessissent,
352 1085 495 1113 beatarum
510 1086 661 1118 cervicum,
675 1093 737 1120 quae
760 1089 872 1121 prOpter
888 1085 970 1113 Chri-

174 1131 210 1158 sti
228 1130 307 1158 iidem
321 1134 423 1165 paratae
435 1135 526 1163 erant,
538 1131 629 1166 gladio
640 1131 730 1166 capita
746 1134 967 1166 amputaverunt,

174 1177 319 1205 reddentes
333 1183 414 1205 terrae
430 1183 557 1213 corpora,
570 1177 659 1206 beatis
676 1177 776 1206 animis
788 1178 859 1205 uelo
876 1178 969 1205 reddi-

174 1223 228 1256 tis;
248 1223 386 1250 declarata
405 1227 497 1251 autem
515 1227 611 1251 sancta
628 1223 752 1250 bonitate
767 1228 817 1258 per
833 1226 968 1258 martyres

174 1276 292 1304 quorum
317 1269 409 1296 anima
436 1269 519 1296 simul
545 1276 608 1297 cum
634 1276 750 1304 corpore
777 1269 878 1296 tradita
904 1268 966 1297 fuit.

173 1314 242 1342 Nam
260 1323 322 1343 cum
338 1323 463 1350 corpore,
488 1316 634 1351 praecisum
660 1319 744 1351 caput
766 1316 968 1351 magistri,illis

173 1361 220 1396 qui
236 1361 288 1389 ﬁde
302 1361 397 1389 videre
412 1365 557 1397 poterant,
576 1369 640 1389 cum
663 1361 756 1397 lingua
774 1361 889 1390 Dom'mo
902 1370 968 1390 con-

174 1407 255 1440 ﬁteri,
277 1411 307 1435 ut
325 1407 416 1435 vivum
437 1411 465 1435 et
481 1407 672 1444 progrediens,
689 1408 846 1436 videbatur.
866 1407 888 1436 Ο
905 1416 968 1436 vere

173 1453 253 1480 beata
275 1452 433 1486 multitudo,
449 1458 477 1482 et
502 1453 619 1481 Domino
642 1458 739 1481 nostro
756 1454 784 1481 in
801 1455 890 1489 gratia
904 1462 968 1482 rur-

174 1506 234 1527 sum
247 1499 411 1535 desponsata
429 1500 436 1527 ί
451 1507 468 1527 ο
479 1503 575 1527 sancta
592 1500 791 1535 laudabilisque
808 1500 968 1528 fraternitas

173 1552 279 1577 eorum,
298 1545 327 1572 in
342 1545 444 1580 quibus
469 1553 522 1573 nec
545 1546 652 1581 primus
677 1544 815 1574 secundus
841 1554 903 1574 esse
919 1554 968 1582 po-

173 1594 237 1624 test,
260 1599 312 1619 nec
338 1591 455 1619 tertius!
475 1591 522 1619 sed
553 1595 655 1619 sanctae
683 1588 827 1619 Trinitatis
853 1591 967 1627 gloriam

173 1635 350 1671 proﬁtentes,
379 1644 434 1664 uno
463 1637 577 1664 circiter
593 1644 608 1663 a
625 1636 736 1664 civitate
762 1636 908 1668 milliario,
937 1636 966 1664 in

173 1689 257 1717 parvo
273 1682 344 1710 colle
363 1683 496 1718 martyrio
510 1682 585 1718 digni
608 1682 711 1715 fuistis,
732 1682 833 1717 sancti,
844 1682 933 1710 effecti
950 1689 965 1708 a

173 1732 269 1755 sancta
285 1727 431 1756 Trinitate.

171 1782 218 1806 τος
229 1774 354 1810 δεύτερος
368 1774 478 1802 δύναται
493 1774 629 1808 γενέσθαι,
640 1773 702 1801 οὔτε
715 1775 818 1810 τρίτος,
846 1775 914 1802 ἀλλὰ
943 1776 993 1811 τῆς

173 1821 287 1856 σημείου
304 1820 363 1853 ἑνὸς
375 1821 426 1856 τῆς
443 1820 547 1852 πόλεως
559 1820 614 1856 (82)
625 1821 666 1853 εις
689 1821 785 1857 μικρὸν
816 1820 909 1856 βουνὸν
924 1821 995 1855 ἄξιοι

174 1867 293 1901 σθέντες.

207 1913 340 1942 Iacebant
354 1921 419 1950 ergo
435 1913 463 1941 in
485 1913 564 1941 collis
579 1913 724 1941 cacumine
741 1917 837 1941 trunca
851 1921 966 1949 corpora

174 1961 235 1989 sine
246 1961 361 1993 honore,
373 1960 509 1995 completa
523 1967 572 1988 seu
585 1960 692 1995 integra
705 1959 808 1987 Christi
823 1959 965 1995 martyrio,

173 2005 404 2042 quemadmodum
419 2006 454 2033 de
470 2006 554 2033 rebus
570 2005 670 2034 futuris
691 2006 876 2041 praedixerunt
902 2013 967 2041 pro-

173 2055 260 2090 phetae
279 2063 286 2082 :
307 2054 386 2091 Ml
406 2053 528 2082 Pretiosa
557 2055 585 2082 in
610 2060 748 2089 conspectu
770 2055 877 2083 Domini
895 2064 966 2083 mors

173 2104 326 2127 sanctorum
340 2100 398 2134 ejus
416 2103 440 2126 ο.
455 2099 523 2127 Cum
542 2099 626 2135 igitur
640 2100 723 2128 etiam
738 2100 872 2128 declarata
892 2106 966 2128 esset

173 2152 323 2182 martyrum
341 2151 422 2181 atque
440 2146 564 2181 episc0pi
579 2145 697 2182 dignitas
709 2150 736 2174 et
753 2147 839 2182 gloria
855 2151 966 2182 propter

173 2194 321 2221 salutarem
343 2193 470 2228 magistri
489 2192 580 2224 ﬁdem,
604 2201 665 2228 qua:
681 2192 867 2221 reﬁoruisset:
882 2193 966 2228 ccepit

174 2238 279 2266 fructus
295 2238 373 2271 ‘oriri,
389 2242 472 2274 atque
488 2246 536 2273 per
553 2238 630 2265 illum
648 2238 779 2273 majorem
804 2238 890 2266 fuisse
903 2239 963 2274 glo-

173 2283 242 2310 riam
262 2289 356 2309 eorum
373 2283 419 2317 qui
443 2290 491 2318 per
516 2283 641 2318 martyrii
658 2283 701 2311 sui
722 2283 865 2311 victoriam
883 2282 965 2311 simul

1018 944 1137 982 Χριστὸν
1151 945 1219 973 Θεοῦ
1235 942 1309 979 Υῑδν,
1324 946 1488 982 γεννηθέντα
1502 948 1534 974 ὲκ
1542 946 1682 982 Παρθένου
1692 947 1810 982 Μαρίας,

1018 992 1100 1019 παντὶ
1125 991 1165 1028 τῷ
1189 992 1246 1028 λαῷ
1268 992 1377 1028 ἀληθῶς
1402 992 1670 1028 προαναγγέλλοντες
1694 992 1741 1020 καὶ
1764 1001 1812 1028 κη-

1019 1032 1177 1075 ρύσσοντες,
1187 1038 1410 1074 κατατολμῶντες
1436 1034 1483 1066 καί⁵
1506 1037 1670 1075 πιστεύομεν
1689 1038 1744 1074 (77)
1766 1039 1812 1066 καὶ

1018 1083 1270 1119 ἐξομολογούμεθα,
1296 1084 1343 1111 καὶ
1364 1080 1479 1120 στόματι
1499 1084 1529 1111 οὐ
1553 1083 1747 1119 καταπαύομεν
1772 1085 1812 1111 αἰ-

1018 1130 1137 1162 νοῦντες.
1160 1130 1205 1157 Ἐν
1218 1130 1304 1168 ταύτῃ
1315 1131 1349 1166 τῇ
1365 1129 1420 1157 τῶν
1434 1130 1520 1165 ἁγίων
1537 1129 1641 1166 ἀνδρῶν
1658 1129 1750 1156 πίστει
1765 1130 1812 1156 καὶ

1018 1177 1153 1213 ἀποστολῇ
1176 1176 1411 1213 ὲνδυναμωθὲντες
1436 1176 1607 1213 διαμένωμεν
1627 1175 1693 1212 (78).
1709 1185 1719 1202 ›
1737 1176 1770 1203 0i
1783 1175 1812 1202 δὲ

1018 1223 1127 1255 ἀσεϐεῖς
1146 1222 1259 1250 διῶκται
1284 1223 1331 1249 καὶ
1351 1222 1489 1258 τύραννοι,
1508 1222 1609 1258 μικρὰν
1625 1222 1716 1249 ἄνεσιν
1730 1221 1812 1248 δεδω-

1018 1271 1096 1302 κότες
1113 1269 1179 1306 (79),
1194 1269 1249 1296 τῶν
1267 1269 1411 1305 μακαρίων
1425 1269 1578 1305 τραχήλων,
1591 1267 1636 1295 διὰ
1652 1268 1703 1304 τὴν
1720 1268 1813 1295 πίστιν

1017 1315 1065 1343 τοῦ
1082 1315 1200 1352 Χριστοῦ
1214 1315 1443 1350 ἑτοιμασθέντων,
1461 1314 1533 1350 ξίφει
1552 1314 1693 1349 ἀπέκοψαν
1703 1313 1755 1346 τὰς
1769 1322 1814 1340 κε-

1018 1362 1116 1396 φαλὰς,
1132 1360 1305 1393 ἀποδιδόντες
1318 1362 1351 1396 τῇ
1367 1362 1402 1396 γῇ
1416 1360 1451 1387 τά
1464 1360 1590 1396 σώματα,
1601 1359 1656 1386 τῶν
1669 1359 1814 1395 μακαρίων

1017 1408 1111 1444 ψυχῶν
1125 1408 1165 1444 τῷ
1177 1407 1283 1444 οὐρανῷ
1295 1407 1485 1434 ἀποδοθεισῶν.
1501 1406 1705 1443 Φανερὼθείσης
1719 1406 1747 1432 δὲ
1763 1405 1814 1440 τῆς

1017 1454 1099 1489 ἁγίας
1121 1454 1288 1490 ἀγαθότητος
1312 1455 1369 1485 τοῖς
1388 1453 1533 1489 μάρτυσιν,
1557 1449 1594 1480 ὧν
1619 1450 1723 1480 δέδοκται
1739 1453 1757 1488 ἡ
1773 1452 1815 1479 νί-

1018 1510 1053 1537 κη
1070 1502 1093 1517 "
1108 1500 1175 1537 μετὰ
1187 1501 1235 1528 τοῦ
1253 1499 1380 1536 σώματος
1392 1498 1461 1534 (80),
1472 1495 1663 1535 ἀποτμηθεῖσα
1675 1500 1692 1535 ἡ
1706 1498 1813 1534 κεφαλὴ

1018 1547 1065 1574 τοῦ
1079 1546 1238 1574 διδασκάλου
1255 1547 1290 1578 ⁷⁸,
1307 1545 1438 1573 έὸλέπετο
1452 1544 1567 1578 ἐκείνοις
1581 1546 1638 1577 τοῖς
1652 1544 1816 1581 δυναμένοις

1019 1593 1110 1620 πίστει
1126 1593 1191 1629 δρᾷν
1208 1592 1255 1620 καὶ
1270 1591 1381 1628 γλώσσῃ
1397 1586 1492 1628 Κυρίῳ
1512 1590 1653 1627 ὁμολογεῖν
1674 1591 1712 1623 ὡς
1736 1590 1815 1623 ζῶσα

1020 1639 1066 1666 καὶ
1083 1639 1276 1675 προϐαίνουσα.
1296 1637 1329 1664 ’Ὤ
1354 1638 1463 1673 ἀληθῶς
1487 1638 1609 1674 μακαρία
1629 1637 1749 1673 πληθὺς,
1766 1637 1816 1663 καὶ

1018 1685 1058 1721 τῷ
1073 1685 1168 1720 Κυρίῳ
1192 1684 1271 1720 ὴμῶν
1294 1685 1324 1711 ὲν
1343 1685 1377 1719 τῇ
1394 1684 1485 1720 χάριτι
1511 1683 1726 1720 ἀναμεμνημένη
1743 1681 1814 1718 (8!)!

1021 1728 1053 1757 ’Ὠ
1069 1730 1133 1765 ἁγία
1155 1730 1201 1757 καὶ
1223 1730 1352 1766 ἐπαινετὴ
1378 1726 1540 1766 ἀδελφότης,
1560 1731 1588 1757 ὲν
1604 1727 1645 1762 οἷς
1662 1730 1724 1756 οὔτε
1740 1728 1818 1764 πρῶ-

1022 1776 1103 1811 ἀγίας
1120 1776 1234 1812 Τριάδος
1259 1776 1309 1812 τὴν
1331 1776 1409 1809 δόξαν
1434 1770 1683 1812 ἐξομολογούμενοι,
1696 1775 1734 1807 ὡς
1759 1773 1817 1801 ἀπὸ

1020 1818 1151 1858 γεγόνατε
1178 1822 1327 1858 μαρτυρίου
1352 1822 1396 1849 διά
1419 1822 1469 1858 τῆς
1493 1822 1575 1857 ἁγίας
1597 1822 1710 1858 Τριάδος
1732 1821 1818 1855 ἁγια-

1058 1913 1182 1939 Ἕκειντο
1197 1911 1244 1940 οὗν
1264 1915 1304 1946 είς
1326 1914 1375 1950 τὴν
1399 1913 1520 1949 κορυφὴν
1543 1912 1590 1940 τοῦ
1625 1912 1719 1947 βουνοῦ
1745 1913 1817 1941 ἀπο-

1018 1959 1156 1995 τμηθέντα
1174 1959 1288 1996 σώματα
1303 1955 1436 1997 ἀτίμητα,
1453 1953 1658 1995 πεπληρωμένα
1678 1959 1718 1995 τῷ
1739 1969 1816 1997 μαρ-

1016 2004 1103 2040 τυρίῳ
1114 2004 1162 2032 τοῦ
1177 2006 1295 2041 Χριστοῦ
1313 2006 1381 2043 (85),
1399 2000 1490 2038 καθὼς
1506 2005 1695 2041 προελάλησαν
1709 2007 1733 2032 οἱ
1747 2015 1816 2042 προ-

1018 2051 1102 2087 φῆται
1126 2051 1189 2087 περὶ
1214 2051 1268 2078 τῶν
1292 2051 1452 2087 μελλόντων,
1477 2051 1519 2078 ὅτι
1548 2052 1646 2087 Τίμιος
1670 2052 1817 2079 ἐναντίον

1016 2097 1128 2131 Κυρίου
1153 2098 1170 2124 ό
1195 2091 1322 2130 θάνατος
1343 2096 1403 2123 τῶν
1428 2098 1522 2124 ὁσίων
1545 2097 1649 2124 αὐτοῦι
1678 2097 1738 2124 Ἔτι
1763 2096 1816 2125 οὖν

1019 2142 1221 2178 φανερωθείσης
1234 2143 1288 2169 τῶν
1306 2136 1451 2178 μαρτύρων
1477 2142 1523 2169 καὶ
1541 2143 1668 2179 ίερέως⁷¹
1686 2143 1742 2180 (84)
1759 2144 1816 2179 τῆς

1018 2187 1096 2221 ἀξίας
1114 2188 1222 2224 καὶτῆς
1237 2187 1407 2223 ὲνδοξότητος
1423 2187 1466 2215 διὰ
1481 2188 1530 2224 τὴν
1547 2190 1749 2226 σωτηριοφόρον
1761 2191 1814 2217 τοῦ

1017 2234 1175 2261 διδασκάλου
1205 2234 1397 2270 ὲπανΟήσασαν
1425 2235 1530 2267 πίστιν,
1556 2234 1686 2272 ἦρξα-τοο
1703 2238 1816 2273 καρπ“ς

1017 2280 1164 2312 ἀνατεῖλαι,
1178 2281 1224 2308 καὶ
1250 2281 1346 2317 ἐκείνῳ
1363 2281 1443 2308 πλέον
1459 2281 1537 2314 δόξαν
1559 2283 1685 2316 γενέσθαι
1700 2284 1744 2310 διὰ
1760 2285 1816 2311 τοῦ

173 2333 262 2358 crant.
280 2328 355 2356 Beati
371 2333 462 2356 autem
475 2328 598 2365 Dionysii
612 2333 639 2357 et
650 2329 787 2365 pontiﬁcis
798 2329 965 2356 honorantes

1019 2327 1168 2362 μαρτυρίου
1182 2326 1279 2354 ἑαυτοῦ
1295 2327 1346 2362 τὴν
1361 2325 1440 2362 νίκην
1451 2327 1506 2354 τῶν
1523 2328 1657 2355 συνόντων
1669 2328 1734 2364 (85).
1754 2330 1816 2357 Τοῦ

174 2373 346 2409 martyrium,
365 2377 492 2401 sanctum
509 2374 571 2409 ejus
590 2374 650 2402 sine
667 2374 759 2401 animo
776 2381 877 2409 corpus
892 2374 966 2401 exci-

175 2422 260 2446 tatum
270 2426 331 2446 esse
343 2419 491 2447 credimus.
510 2419 617 2447 Etenim
633 2419 713 2447 beata
725 2427 807 2447 manu
820 2427 869 2447 sua
884 2420 966 2454 caput

174 2472 208 2491 ex
229 2470 344 2499 corpore
359 2471 375 2490 a
391 2463 504 2492 nefariis
527 2465 685 2492 hominibus
706 2465 796 2500 gladio
820 2464 963 2500 praecisum

175 2510 302 2544 sumpsit,
315 2513 342 2536 et
357 2517 521 2545 suspensum
532 2511 647 2539 brachio
662 2512 804 2546 amplexus
819 2516 871 2544 est,
883 2515 964 2546 atque

175 2562 190 2581 a
208 2554 286 2583 collis
303 2555 405 2583 vertice
420 2555 475 2583 duo
491 2556 616 2584 milliaria
633 2558 711 2592 plena
730 2557 792 2584 forti
810 2558 902 2584 animo
919 2564 964 2592 pe-

175 2601 255 2628 dibus
263 2600 419 2636 ingrediens
430 2602 556 2637 portavit.
565 2601 670 2630 Novum
681 2601 806 2638 profecto
818 2611 850 2630 ac
867 2607 962 2637 poste-

175 2648 215 2675 ris
221 2647 458 2683 depradicandum
467 2655 498 2676 ac
508 2648 578 2676 fama
587 2648 779 2677 celebrandum
787 2649 948 2676 miraculum
954 2669 961 2681 ,

203 2743 224 2759 το
237 2737 309 2766 Psal.
326 2743 379 2767 ch
395 2759 403 2773 ,
418 2737 465 2768 i5.

1018 2374 1152 2409 μακαρίου
1175 2374 1203 2400 δὲ
1221 2370 1357 2400 Διονυσίου
1384 2373 1429 2400 καὶ
1452 2373 1602 2409 ἀρχιερέως
1625 2375 1762 2410 τιμῶντες
1781 2375 1818 2403 τὸ

1019 2414 1177 2456 μαρτύριον,
1194 2415 1224 2446 τὸ
1250 2421 1325 2455 ἆγιον
1351 2419 1433 2446 αὑτοῦ
1457 2420 1521 2447 ἄνευ
1547 2420 1635 2456 ψυχῆς
1661 2421 1742 2457 σῶμα
1768 2431 1819 2450 πι-

1017 2460 1148 2501 στεύομεν
1164 2465 1322 2501 ὲγηγέρθαι·
1341 2465 1452 2501 καὶγὰρ
1467 2467 1500 2501 τῇ
1520 2467 1642 2502 μακαρίᾳ
1657 2468 1729 2503 χειρὶ
1743 2468 1817 2494 ἑαυ-

1016 2511 1064 2538 τοῦ
1080 2511 1129 2547 τὴν
1145 2511 1266 2547 κεφαλὴν
1282 2511 1336 2538 ἀπὸ
1351 2511 1398 2537 τοῦ
1416 2510 1542 2547 σώματος
1559 2512 1610 2539 ὑπὸ
1626 2513 1680 2540 τῶν
1697 2514 1818 2549 ἀνόμων

1015 2557 1055 2593 τῷ
1074 2557 1146 2593 ξίφει
1170 2556 1373 2593 ἀποτμηθεῖσαν
1396 2557 1487 2589 ἔλαϐε,
1508 2559 1554 2585 καὶ
1576 2560 1755 2595 κρεμαμένην
1770 2560 1818 2596 τῷ

1017 2602 1138 2639 βραχίονι
1153 2602 1360 2638 ὲνηγκαλίσατο,
1379 2601 1425 2629 καὶ
1441 2603 1494 2629 ἀπὸ
1510 2604 1561 2638 τῆς
1576 2604 1623 2630 τοῦ
1646 2603 1742 2639 βουνοῦ
1762 2613 1816 2631 κει-

1018 2644 1106 2685 ρυφῆς
1121 2649 1167 2676 δύο
1190 2648 1266 2684 μίλια
1281 2648 1389 2684 πλήρης
1401 2649 1422 2664 τ’
1440 2649 1468 2675 ὲν
1486 2649 1557 2685 ἰσχύϊ
1573 2651 1630 2682 τοῖς
1647 2650 1727 2677 ποσὶν
1746 2651 1818 2679 asa.

654 2795 772 2825 VARle
789 2790 980 2825 LECTIONES
998 2795 1042 2822 ET
1060 2793 1341 2824 CORRECTIONES.

228 2880 251 2897 "
264 2881 469 2919 ἐμπιπλάμενοι,
499 2884 532 2902 δι’
541 2886 597 2918 τοῖς
614 2884 746 2920 ἐρωτῶσι.
785 2886 806 2903 ⁶⁹
823 2885 906 2921 ψυχή.
947 2888 968 2905 τ’
987 2887 1146 2924 ἀρχιερέως.

1201 2889 1220 2930 ξ¹
1235 2889 1396 2924 ἀρχιερέως.
1457 2892 1478 2909 τ’
1497 2889 1596 2926 πλήρη.
