1950 3065
98 169 137 197 881

588 164 806 197 MARTYRIUM,
824 164 988 195 AUCTOBE
1005 165 1190 194 METRODIO.

1649 168 1701 195 682

97 236 178 260 οτασε,
190 227 250 254 νέον
267 225 313 254 καὶ
326 225 439 262 ἀρχαῖον
455 225 502 252 καὶ
517 225 573 257 τοῖς
590 224 736 261 μετέπειτα
753 226 859 258 ἐξάκου-

914 228 1022 261 corpus
1036 233 1099 254 esse
1114 227 1174 254 sine
1197 226 1289 254 animo
1304 230 1332 254 et
1349 225 1437 261 capite
1453 225 1527 260 quod
1544 225 1597 253 vivi
1614 226 1701 254 instar

96 283 148 302 στον
161 273 248 309 θαῦμα
262 272 317 309 (86)
333 272 397 299 ἄνευ
413 271 502 307 ψυχῆς
522 272 568 299 καὶ
585 271 706 306 κεφαλῆς
723 272 811 307 σῶμα,
826 272 863 304 ὡς

96 319 141 353 ζῶν
154 319 256 355 τρέχειν
271 317 342 345 κατὰ
359 317 391 344 τὸ
406 317 476 349 ἔθος,
492 317 539 344 καὶ
557 317 699 352 ἄνθρωπον
714 316 864 353 τεθνηκότα

96 366 198 401 ἰσχυροῖς
213 363 369 401 προϐαίνειν
381 363 475 399 ἴχνεσι.
494 362 554 389 Τῶν
568 363 709 399 μακαρίων
722 361 768 390 οὖν
783 363 864 390 πάλιν

100 410 237 438 Ῥουστίκου
263 409 309 437 καὶ
332 409 497 445 Ἐλευθερίου
513 409 675 444 φοϐηθέντες
694 409 720 435 οἰ
744 409 862 442 ἀσεϐεῖς,

95 457 127 493 μή
140 465 190 488 πως
205 455 375 487 συνελθόντες
389 455 448 482 λαοὶ
464 455 554 482 πίστει
573 455 796 491 δεδοκιμασμένοι
817 456 863 482 εὐ-

93 502 154 538 χητὰ
168 501 279 537 σώματα
294 501 384 528 αὐτῶν
395 501 501 533 ἑαυτοῖς
516 501 555 533 είς
571 500 711 536 ἀντίληψιν
722 502 751 528 ἐν
766 501 863 537 σωροῖς

94 548 292 583 καταθήσονται,
314 547 464 584 γενομένης
486 547 582 583 βουλῆς
601 549 641 580 είς
656 547 768 574 ἀκάτιον
783 549 813 575 ἐν
828 548 862 583 τῇ

92 595 187 630 ἀϐύσσῳ
206 594 323 621 συνεῖδον
340 594 387 621 τοῦ
410 593 505 626 ὓδατος
527 593 670 621 ἀπολῦσαι.
696 594 775 621 ’Λλλά
797 594 864 627 Θεὸς

91 641 104 667 6
118 640 318 676 παντοδύναμος,
339 640 452 675 ἀγαθὸς,
472 639 575 672 δίκαιος
591 639 637 667 καὶ
654 640 787 676 ἐλεήμων,
804 641 818 667 ὁ
833 640 863 667 τὸ

91 686 155 718 ἕλεος
175 686 255 714 αὐτοῦ
277 685 331 713 ἀπὺ
354 685 402 713 τοῦ
424 685 593 722 ἀνθρωπίνου
619 685 713 720 γένους
735 685 863 713 οὐδέποτε

91 731 207 768 παριδὼν,
225 733 239 759 ό
254 732 301 759 τοῦ
317 730 417 767 Φαραὼ
438 731 487 766 τὴν
514 731 613 767 βουλὴν
627 733 661 767 τῇ
685 731 803 768 Ἐρυθρᾷ
819 731 864 759 Θα-

89 777 165 813 λάσσῃ
179 777 372 809 καταϐυθὶσας,
390 776 498 804 καὶτοῦ
518 776 659 811 Ἀχιτόφελ
676 777 778 813 ἀγχόνῃ
796 786 863 813 σχοι-

88 823 138 850 νίου
153 823 193 850 τὸν
208 822 343 859 τράχηλον
356 822 507 857 ἀποκόψας,
524 821 604 854 αὐτὸς
621 822 668 849 καὶ
683 822 732 858 τὴν
748 822 864 850 ἀσύσταμ

87 878 128 896 τον
137 868 233 896 τούτων
246 868 341 904 βουλὴν
357 867 397 904 τῷ
413 867 482 894 ἐλέει
498 867 580 894 αὐτοῦ
597 867 756 900 κατέϐαλεν,
771 867 815 895 ἴνα
828 868 862 894 τὰ

914 279 964 306 pro
988 279 1063 300 more
1084 277 1192 304 currat,
1210 273 1402 307 hominemque
1421 272 1479 306 jam
1503 275 1641 300 mortuum
1658 273 1702 300 in-

913 317 990 352 gredi
1006 316 1092 345 ﬁrmis
1108 317 1240 353 vestigiis.
1256 317 1335 353 lmpii
1349 325 1414 353 ergo
1430 317 1555 344 homines
1567 317 1605 344 illi
1621 318 1700 345 veriti

914 370 1021 395 rursus,
1041 371 1076 391 ne
1091 363 1162 391 forte
1178 363 1231 392 ﬁde
1246 363 1360 398 probata
1385 363 1502 398 populus
1518 364 1699 396 conveniens,

912 409 1043 444 optabilia
1059 416 1175 445 corpora
1191 409 1296 437 Rustici
1312 413 1340 436 et
1355 408 1503 437 Eleutherii
1521 409 1642 443 praesidii
1659 413 1701 436 at-
1751 400 1755 405 ’

913 463 968 490 que
983 455 1079 483 auxilii
1095 456 1139 483 sui
1155 463 1238 484 causa
1255 456 1283 483 in
1299 454 1432 490 sepulcris
1448 455 1617 490 tumulisque
1632 463 1700 483 con-

913 501 999 534 deret,
1015 509 1048 529 ea
1062 502 1089 528 in
1106 502 1259 530 naviculam
1275 500 1402 536 imposita
1417 501 1452 528 de
1467 501 1589 528 omnium
1605 501 1700 529 consi-

913 547 951 575 lio
967 548 995 575 in
1010 547 1176 583 profundum
1193 547 1314 576 ﬂuminis
1329 547 1449 582 dejicere
1465 551 1628 575 statuerant.
1646 547 1700 575 Sed

913 595 985 623 Deus
1000 602 1091 622 rerum
1106 593 1229 621 omnium
1245 597 1416 629 prapotens.
1433 594 1539 625 bonus,
1552 593 1656 628 justus.
1674 599 1701 621 et

913 639 1110 668 misericordiae
1136 640 1243 674 plenus,
1266 640 1313 675 qui
1341 639 1558 667 misericordiam
1576 647 1653 667 suam
1671 639 1700 666 in

912 686 1033 714 humano
1048 694 1148 723 genere
1171 693 1312 721 nunquam
1335 686 1465 721 neglexit.
1484 686 1531 721 qui
1547 685 1700 713 Pharaonis

912 732 1062 760 exercitum
1087 733 1116 760 in
1133 740 1208 761 mare
1231 733 1354 761 Rubrum
1380 733 1520 764 demersit,
1538 735 1565 760 et
1586 731 1700 759 Achitn-

912 778 974 812 phel
990 779 1122 806 cervicem
1140 780 1237 814 laqueo
1254 779 1378 814 praecidit
1392 788 1399 806 :
1413 779 1436 806 is
1454 778 1537 805 etiam
1561 777 1701 806 inﬁrmum

912 823 1028 852 istorum
1054 824 1199 852 consilium
1225 824 1412 852 misericordia
1438 831 1488 851 sua
1511 823 1653 855 dissolvit,
1671 828 1700 850 ut

912 877 947 897 ne
962 870 1036 898 clara
1061 871 1258 906 splendidaque
1274 871 1328 899 duo
1345 871 1449 898 lumina
1466 869 1601 905 profundo
1614 877 1700 904 aqua-

87 914 190 951 λαμπρὰ
206 914 253 941 δύο
269 914 448 949 φωτιστὴρια,
464 912 501 949 μὴ
516 912 555 948 τῷ
572 912 645 948 βυθῷ
661 912 715 939 τῶν
730 913 859 949 κυμάτων

910 924 970 944 rum
986 917 1237 952 submergerentur,
1249 917 1297 945 sed
1314 916 1415 945 Christi
1431 915 1553 943 Ecclesia
1564 923 1611 943 eos
1626 923 1699 943 sern-

86 960 332 996 κατακαλυφθῶσιν,
344 959 411 988 ἀλλὰ
424 959 472 986 τοῦ
488 959 606 994 Χριστοῦ
622 960 639 995 ἡ
655 959 801 996 Ἐκκλησία
812 959 861 986 δυ-

84 1008 173 1039 νατοὺς
188 1007 237 1044 ἔχῃ
254 1007 297 1034 ἀεὶ
318 1006 494 1042 πολεμιστάς.
520 1006 563 1032 Ἐν
584 1005 691 1038 τούτοις
707 1005 775 1042 γυνὴ
791 1005 861 1033 ἐντι-

84 1062 130 1089 μος
152 1052 274 1080 Κατοῦλα
297 1052 418 1088 ὀνόματι,
439 1052 500 1087 ἥτις
516 1051 632 1083 ἐθνικοίς
653 1051 745 1086 φόϐοις
770 1051 862 1088 ἀκμὴν

83 1098 246 1134 κρατουμένη
263 1098 384 1134 ὑπῆρχεν
401 1096 468 1133 (87),
484 1097 672 1132 ἐπιστρέψασα
685 1098 744 1124 τότε
759 1099 798 1129 είς
812 1097 861 1133 τὴν

82 1145 168 1171 πίστιν
177 1144 223 1171 τοῦ
233 1144 352 1180 Χριστοῦ
362 1143 406 1170 διὰ
415 1143 470 1170 τῶν
482 1143 628 1179 θαυμάτων
639 1143 693 1170 τῶν
703 1143 859 1180 μαρτύρων,

80 1191 175 1227 ἑαυτὴν
195 1191 235 1222 είς
257 1190 406 1225 ἐπιθυμίαν
429 1189 544 1222 ἐξέδωκε
562 1189 632 1226 (88),
649 1189 695 1217 καὶ¹
710 1191 744 1226 τῇ
765 1190 861 1227 γνώμῃ

79 1236 159 1269 ἔδειξε
181 1236 227 1263 καὶ
250 1237 307 1268 τοῖς
329 1235 420 1271 ἔργοις
436 1235 483 1262 τοῦ
508 1235 590 1262 πόθου
605 1235 656 1271 τὴν
671 1236 796 1272 δύναμιν·
814 1237 860 1264 καὶ

78 1283 145 1310 ἐλέει
167 1283 233 1310 Θεοῦ
256 1283 448 1317 κατανυγεῖσα,
474 1282 641 1318 ἐπελθούσης
665 1283 734 1319 αὐτῇ
758 1283 860 1311 ἀνωθεν

77 1330 222 1365 δυνάμεως,
249 1329 410 1365 συμϐούλιον
433 1329 522 1360 ἔλαϐε,
541 1328 587 1355 καὶ
602 1329 635 1365 δὴ
652 1330 692 1361 εἰς
711 1330 860 1365 συμπόσιον

76 1377 211 1405 ἱκέτευσεν
225 1375 313 1403 ἐλθεῖν
323 1376 386 1407 τοὺς
399 1375 525 1407 διώκτας.
542 1375 597 1402 Καὶ
613 1376 658 1402 ὅτε
670 1376 762 1408 αὐτοῖς
776 1376 860 1403 πολλά

73 1422 146 1459 δῶρα
159 1422 353 1458 προσήνεγκεν,
366 1421 493 1453 ἐπιεικῶς
509 1422 559 1458 τὴν
576 1422 655 1457 μῆνιν
668 1422 719 1458 τῆς
733 1422 863 1449 κακοϐου-

73 1467 134 1500 λίας
148 1467 237 1495 αὐτῶν
252 1467 381 1503 ἐξήνεγκε
397 1467 467 1494 κατά
485 1466 541 1494 τῶν
559 1466 705 1503 μαρτύρων
722 1466 786 1502 (89)·
803 1468 860 1499 τοῖς

71 1513 102 1540 δὲ
117 1515 220 1546 πιστοῖς
236 1513 271 1540 τὰ
282 1513 430 1549 ἀπόκρυφοι
444 1512 495 1547 τῆς
512 1512 624 1548 καρδίας
637 1511 721 1548 αὐτῆς
737 1512 860 1548 φανερώ-

72 1568 153 1591 σασα,
171 1558 347 1595 προσέταξεν,
367 1559 411 1585 ῑνα
425 1557 560 1594 συλήσωσι
578 1557 706 1593 κρυπτῶς
717 1557 751 1584 τὰ
763 1557 859 1593 ἔντιμα

71 1605 189 1641 σώματα
207 1605 262 1631 τῶν
285 1604 432 1640 μαρτύρων
446 1605 486 1635 είς
502 1603 532 1630 ἐν
547 1603 602 1630 τῶν
620 1604 711 1639 μερῶν
735 1604 785 1639 τῆς
807 1605 857 1631 πό-

69 1652 150 1684 λεως,
168 1653 198 1678 ἐν
212 1652 245 1687 τῇ
268 1651 355 1686 πέτρᾳ
369 1651 403 1686 τῇ
417 1651 457 1681 εἰς
471 1649 568 1685 μικρὸν
581 1650 695 1685 κειμένῃ
713 1649 814 1681 πεδίον,
828 1650 859 1676 τὸ

68 1697 233 1733 ἐτοιμασθὲν
256 1697 295 1728 εἰς
317 1695 421 1731 σπορὰν
445 1695 491 1722 ἐπὶ
507 1694 555 1721 τοῦ
578 1694 720 1730 μέλλοντος
737 1695 860 1731 καταχώ-

913 970 961 997 per
974 962 1060 990 fortes
1074 967 1290 998 propugnatores
1301 962 1423 990 haberet.
1435 961 1503 988 Dum
1520 961 1578 988 haec
1587 968 1701 996 ageren-

911 1012 967 1041 tur.
985 1009 1082 1037 mulier
1098 1009 1198 1037 nobilis
1221 1014 1249 1036 et
1272 1009 1358 1040 clara,
1375 1008 1472 1036 Catula
1499 1007 1620 1039 nomine,
1639 1012 1700 1042 qua»;

911 1055 1005 1089 gentili
1031 1059 1104 1082 metu
1130 1055 1209 1082 valde
1235 1057 1361 1089 correpta
1384 1057 1453 1086 erat,
1472 1057 1530 1080 tum
1557 1053 1591 1080 ad
1618 1053 1699 1080 ﬁdem

911 1100 1013 1128 Christi
1039 1105 1149 1135 propter
1171 1104 1322 1135 martyrum
1349 1099 1493 1131 miracula,
1510 1099 1632 1126 converti
1649 1098 1702 1126 dea

912 1145 1051 1179 sideravit.
1072 1147 1183 1181 vimque
1198 1145 1326 1174 desiderii
1343 1149 1370 1173 et
1386 1146 1526 1173 voluntate
1545 1149 1573 1172 et
1599 1152 1629 1173 re
1653 1144 1700 1172 des

911 1194 1036 1226 claravit,
1051 1200 1084 1221 ac
1108 1193 1157 1221 Dei
1182 1192 1370 1221 misericordia
1386 1195 1560 1227 compuncta,
1583 1191 1699 1218 interve-

911 1241 1002 1268 niente
1019 1239 1086 1273 eiqvi
1104 1239 1207 1271 divina,
1230 1238 1375 1266 consilium
1400 1239 1482 1274 cepit,
1500 1241 1530 1265 ut
1551 1238 1586 1266 ad
1603 1237 1698 1265 convi-'

910 1284 983 1312 vium
997 1288 1187 1320 persecutores
1199 1284 1312 1319 supplex
1324 1283 1462 1312 invitaret.
1472 1282 1598 1318 Cumque
1612 1283 1697 1310 multa

909 1330 950 1358 eis
976 1337 1090 1357 munera
1116 1329 1278 1361 detulisset,
1306 1329 1454 1363 prudenter
1481 1328 1575 1356 odium
1599 1327 1698 1355 nefarii

910 1376 1029 1407 consilii,
1048 1376 1120 1410 quod
1138 1375 1176 1402 illi
1193 1374 1326 1403 adversus
1340 1378 1475 1410 martyres
1491 1378 1631 1410 ceperant,
1649 1382 1699 1402 ex;

909 1423 1012 1455 cussit;
1030 1422 1154 1456 exposito
1171 1425 1261 1449 autem
1279 1421 1381 1448 nostris
1399 1421 1484 1448 animi
1503 1421 1546 1449 sui
1568 1423 1696 1453 consilio.

911 1466 1039 1504 praecepit
1060 1469 1090 1493 nt
1111 1466 1181 1493 clam
1198 1465 1318 1501 pretiosa
1340 1473 1455 1500 corpora
1481 1470 1631 1502 martyrum
1647 1474 1699 1494 au-'

910 1514 1012 1542 ferrent
1038 1513 1066 1540 in
1088 1519 1170 1540 unam
1195 1516 1299 1547 partem
1325 1512 1412 1544 urbis.
1432 1515 1462 1538 ut
1486 1512 1515 1539 in
1539 1519 1607 1540 saxo
1623 1513 1696 1548 quod

910 1559 993 1588 situm
1016 1562 1090 1587 esset
1106 1558 1133 1585 in
1151 1558 1237 1593 agello
1262 1559 1289 1584 in
1307 1558 1445 1592 sequentis
1462 1558 1526 1585 anni
1547 1562 1696 1586 sementem

872 1588 895 1620 ο
909 1609 1006 1640 parato
1021 1607 1094 1632 terra
1110 1588 1210 1631 obruta
1233 1588 1354 1638 corpora
1369 1603 1548 1631 occultarent.
1575 1603 1617 1630 illi
1639 1604 1697 1631 dili-

910 1655 1006 1686 genter
1017 1651 1150 1685 imperata
1165 1649 1298 1677 fecerunt.
1311 1648 1332 1676 0
1349 1648 1451 1676 furtum
1462 1649 1610 1682 laudabile,
1622 1650 1696 1686 quod

911 1696 1040 1724 damnum
1057 1704 1112 1724 non
1129 1695 1215 1726 dedit,
1233 1695 1281 1723 sed
1298 1695 1389 1730 potius
1405 1694 1518 1730 profuit.

67 1751 183 1775 σαντες,
200 1741 393 1779 ἀποκρύψωσιν
409 1741 473 1777 (90)“
497 1741 594 1773 οἵτινες
617 1741 651 1768 τὰ
675 1740 855 1768 κελευσθέντα
872 1742 1075 1778 πληρώσαντες,
1089 1742 1240 1774 σπουδαίως
1270 1741 1300 1767 τὸ
1315 1742 1408 1772 αὐτοῖς
1440 1741 1607 1776 προσταχθὲν
1631 1742 1695 1769 ἐπεί

65 1790 191 1817 τέλεσαν.
209 1787 243 1815 Ὦ
257 1787 406 1824 κλεψοσύνη
426 1787 564 1823 ἐπαινετὴ,
578 1788 639 1822 ἥτις
653 1788 683 1814 οὐ
699 1788 856 1824 προσήγαγε
870 1789 980 1825 ζημίαν,
998 1789 1065 1816 ἀλλὰ
1083 1789 1182 1824 μᾶλλον
1197 1787 1336 1822 ὲπωφελές
1353 1787 1456 1823 κέρδος.

103 1834 183 1869 Εἶτα,
198 1836 237 1868 ὡς
260 1835 320 1867 ἔθος
344 1836 412 1867 ἐστὶ,
433 1837 490 1867 τοῖς
515 1835 671 1871 σπείρουσιν
695 1835 745 1870 τὴν
768 1835 860 1872 χώραν

63 1883 170 1915 αὐτῶν,
192 1882 298 1914 πώλους
313 1881 472 1917 ἐκδέχεσθαι
489 1881 536 1908 τοῦ
554 1881 664 1916 ἐνέγκαι
678 1881 724 1908 τὺν
740 1882 854 1917 καρπόν·

61 1929 139 1957 οὕτω
158 1928 215 1955 τῶν
239 1927 381 1964 μακαρίων
406 1927 552 1963 μαρτύρων
576 1928 650 1954 ἐστὶν
675 1927 749 1963 χώρα
765 1928 856 1964 ἐκείνη

60 1975 272 2011 πεπληρωμένη
298 1974 429 2010 προικὸς,
457 1974 503 2001 καὶ
529 1974 639 2010 χάριτος
662 1973 856 2010 εὐθηνουμένη,

59 2023 141 2053 ὅπως
157 2020 423 2048 ἑκατονταπλασίονα
433 2019 538 2055 καρπὸν
547 2021 571 2046 οἱ
582 2019 755 2052 πιστεύοντες
768 2029 856 2056 γεωρ-

57 2068 106 2103 γοὶ
124 2067 302 2102 ἀμήσωνται,
320 2066 473 2102 ἀξιούμενοι
491 2066 637 2101 σωτηρίας,
649 2066 695 2093 καὶ
713 2066 798 2102 μέγαν
808 2066 857 2102 θη-

58 2113 170 2149 σαυρὸν
186 2114 244 2144 τοῖς
260 2113 407 2148 μετέπειτα
423 2112 622 2147 καταλείψωσιν
638 2113 801 2148 ἁγιωσύνης.
825 2112 858 2139 'H

57 2157 255 2195 προῤῥηθεῖσα
276 2158 305 2184 δὲ
330 2158 516 2193 κοσμιωτάτη,
535 2158 572 2193 μὴ
596 2157 776 2193 ἐπιλαθομένη
802 2157 856 2184 τῶν

57 2205 219 2242 μαρτύρων
234 2204 279 2231 τὸν
295 2205 445 2240 άγιασμὸν,
465 2203 502 2236 ὡς
519 2204 568 2240 ἤδη
585 2204 640 2230 τῶν
656 2205 794 2240 τυράννων
818 2205 856 2230 εί-

949 1835 1060 1869 Di-inde,
1079 1840 1109 1863 ut
1125 1836 1214 1864 solent
1225 1836 1242 1862 ii
1259 1836 1306 1870 qui
1318 1843 1399 1870 agros
1415 1835 1518 1866 colunt,
1530 1836 1620 1870 pullos
1630 1844 1694 1864 suos

910 1883 1065 1916 admittere,
1081 1887 1111 1910 ut
1129 1882 1247 1910 fructum
1266 1883 1354 1910 ferant
1375 1892 1380 1909 :
1398 1882 1438 1910 sic
1455 1889 1520 1917 ager
1541 1882 1586 1910 ille
1603 1883 1693 1911 beato-

907 1937 969 1956 rum
982 1935 1131 1965 martyrum
1147 1933 1174 1956 ct
1186 1929 1248 1956 dote
1259 1930 1410 1964 completus
1418 1929 1498 1964 402
1506 1932 1558 1957 est.
1571 1933 1596 1958 et
1606 1930 1694 1964 gratia

908 1975 993 2002 aliiuit
1030 1979 1060 2002 ut
1087 1975 1245 2010 centuplum
1285 1974 1402 2002 fructum
1431 1975 1569 2010 agricolae
1603 1975 1695 2003 ﬁdeles

907 2019 1070 2055 percipiant,
1084 2019 1211 2051 salutem.
1228 2022 1255 2047 et
1269 2026 1396 2055 magnum
1415 2019 1574 2047 thesaurum
1592 2020 1695 2047 sancti-

905 2065 971 2095 tatis
1001 2065 1120 2101 posteris
1151 2065 1318 2100 relinquant.
1352 2065 1449 2093 Mulier
1475 2065 1693 2096 honestissima,

905 2119 987 2147 quam
1002 2111 1069 2144 dixi,
1086 2119 1141 2139 non
1152 2112 1295 2139 immemor
1312 2111 1470 2139 sanctitatis
1483 2114 1647 2146 martyrum,
1665 2116 1695 2138 ut

905 2158 973 2186 vidit
998 2162 1177 2193 tyrannorum
1202 2158 1371 2185 iracundiam
1395 2157 1576 2187 deferbuisse.
1605 2156 1694 2183 locum

905 2205 1032 2232 idoneum
1049 2204 1097 2239 qui
1119 2210 1277 2232 sanctorum
1304 2207 1454 2238 martyrum
1472 2210 1536 2230 ossa
1553 2202 1694 2230 custodire

51 2253 123 2279 δυῖα
149 2251 366 2278 καταπαύσασαν
390 2251 440 2286 τὴν
460 2251 623 2287 φλεγμονὴν,
639 2251 721 2277 τόπον
736 2249 855 2282 εὔθετον,

909 2252 1034 2283 debebat,
1052 2251 1126 2279 omni
1143 2250 1281 2284 diligentia
1297 2248 1438 2284 quaesivit,
1457 2249 1621 2282 inventoque
1633 2255 1693 2275 ma-

51 2297 210 2332 ὸφείλοντα
224 2297 366 2332 φυλάττειν
384 2297 439 2324 τῶν
454 2298 539 2332 ἁγίων
557 2297 703 2333 μαρτύρων
721 2296 756 2323 τὰ
777 2297 853 2327 ὀστᾶ.

51 2343 139 2378 πάσῃ
156 2341 303 2378 ἐπιμελείᾳ
316 2342 492 2378 κατεζήτησε·
505 2343 551 2369 καὶ
565 2342 682 2378 εὑροῦσα
697 2342 767 2377 μέγα
776 2341 855 2377 τροῦ-

48 2389 103 2416 λον
123 2388 196 2424 (91),
213 2388 355 2423 οἰκοδομὴν
379 2389 554 2424 ἐσφράγισεν,
573 2389 605 2424 ἢν
627 2388 854 2423 θαυμασιωτάτην

47 2435 104 2463 καὶ
125 2434 354 2470 μητροφαμήλιον
370 2435 487 2468 γυναῖκα
500 2434 531 2460 ού
545 2434 628 2469 χωρὶς
639 2434 716 2466 ἀξίας
729 2433 854 2460 πιστεύο-

47 2488 121 2516 μεν,
141 2479 212 2506 ἄνευ
236 2479 265 2505 δέ
286 2478 380 2513 φόϐου,
398 2479 452 2506 τῶν
472 2480 558 2514 ἀγίων
581 2479 727 2515 μαρτύρων
751 2479 855 2505 τούτων

41 2526 232 2562 ὁμοιωθῆναι
247 2526 314 2561 (9‘2),
331 2526 373 2552 ὅτι
397 2527 421 2553 εί
445 2526 481 2561 μὴ
507 2526 553 2553 καὶ
577 2526 662 2561 αὐτὴν
677 2527 691 2553 ό
708 2526 853 2562 Λυτρωτὴς

43 2572 179 2599 πάντων
191 2572 231 2603 είς
239 2571 329 2598 πίστιν
340 2571 388 2598 τοῦ
405 2572 469 2597 ἰδίου
484 2572 615 2606 ὀνόματος
627 2571 714 2598 ἐλθεῖν
728 2571 852 2606 ἠξίωσεν,

39 2615 193 2644 οὐδέποτε
212 2616 229 2651 ὴ
243 2616 341 2651 καρδία
357 2616 442 2651 αὐτῆς
461 2616 626 2651 συμϐουλίαν
647 2615 774 2650 τοιαύτην
791 2615 853 2651 ἐξή-

37 2671 172 2698 νεγκεν.
197 2662 268 2689 Ἀλλ’
278 2663 310 2689 ἐκ
324 2662 420 2689 τούτου
437 2662 521 2698 χωρὶς
537 2662 628 2698 πάσης
644 2661 797 2695 ἀντιλογίας
813 2670 855 2687 πι-

35 2709 210 2744 στεύομεν,
225 2709 266 2735 ὃτι
281 2708 336 2735 τῶν
354 2708 495 2744 μακαρίων
513 2708 657 2744 μαρτύρων
672 2707 706 2734 τὰ
720 2708 787 2734 ὀστᾶ
799 2707 853 2734 διε-

32 2753 166 2791 φύλαξε
180 2755 215 2781 δι’
225 2754 329 2790 ἀγαθῆς
346 2754 453 2789 βουλῆς,
469 2754 507 2786 ὠς
529 2754 591 2787 ἀξία
607 2753 696 2780 αὐτῶν
712 2753 852 2789 γινομένη,

30 2801 96 2829 καὶ
116 2801 188 2832 ταῖς
206 2800 320 2832 ἱκεσίαις
336 2800 426 2827 αὐτῶν
439 2801 469 2827 ὲν
484 2801 518 2836 τῇ
541 2800 631 2827 πίστει
651 2799 811 2836 προκόψασα
824 2800 854 2826 ὲν

26 2845 189 2881 ἀληθείᾳ.
209 2845 270 2872 Τῶν
297 2845 468 2882 Χριστιανῶν
483 2845 512 2872 δὲ
533 2846 549 2881 ἡ
575 2845 688 2880 πληθὺς,
705 2845 742 2877 ὡς
769 2843 853 2879 πολλὴ

21 2889 121 2920 οὖσα.
132 2891 210 2928 (93),
220 2891 264 2918 διὰ
276 2892 325 2928 τῆς
338 2891 392 2918 τῶν
410 2892 553 2927 μακαρίων
569 2891 714 2928 μαρτύρων
726 2891 852 2919 διδασκα-

225 2939 360 2970 ΡΑτιιοι.
383 2940 442 2969 Gn.
463 2939 516 2969 IV.

905 2303 959 2332 gno
980 2296 1100 2328 fornice,
1119 2295 1263 2323 aedilicium
1284 2295 1406 2327 notavit;
1423 2300 1504 2328 quam
1522 2293 1695 2329 praestantis;

905 2343 1001 2370 simam
1035 2342 1163 2369 feminam
1194 2345 1221 2368 et
1251 2340 1487 2368 matremfamilias
1516 2348 1570 2367 non
1596 2344 1694 2374 pratter

904 2389 1074 2424 dignitatem,
1091 2388 1157 2423 quin
1171 2390 1231 2417 sine
1245 2392 1317 2415 metu
1335 2387 1484 2419 credimus.
1502 2387 1605 2414 sanctis
1618 2395 1694 2414 mar-

904 2435 1010 2470 tyribus
1025 2433 1102 2461 hisce
1118 2434 1235 2461 similem
1251 2433 1382 2464 evasisse,
1394 2437 1538 2468 propterea
1551 2433 1624 2468 quod
1639 2434 1692 2461 nisi

904 2487 963 2507 eam
984 2479 1067 2507 etiam
1091 2478 1257 2513 Redemptor
1279 2479 1401 2505 omnium
1419 2478 1446 2505 in
1471 2478 1550 2505 ﬁdem
1573 2479 1693 2506 nominis

904 2526 946 2552 sui
971 2524 1063 2552 venire
1082 2524 1224 2555 voluisset,
1241 2531 1382 2558 nunquam
1408 2523 1468 2558 ejus
1492 2523 1600 2551 animus
1616 2523 1691 2558 ejus-

904 2571 977 2599 modi
1002 2571 1147 2599 consilium
1173 2571 1336 2606 aperuisset.
1361 2569 1461 2598 Verum
1488 2577 1522 2597 ex
1546 2570 1598 2598 hoc
1621 2570 1691 2597 citra

904 2614 1116 2642 controversiam
1134 2621 1193 2642 eam
1210 2614 1349 2641 credimus
1370 2613 1511 2641 beatorum
1539 2619 1689 2649 martyrum

903 2668 965 2688 ossa
993 2667 1172 2688 conservasse
1197 2660 1325 2695 prudenti
1351 2660 1486 2694 consilio,
1509 2664 1539 2687 ut
1566 2668 1626 2695 quae
1648 2662 1689 2687 eis

903 2706 985 2742 digna
1008 2706 1105 2738 fuerit,
1123 2710 1205 2741 atque
1227 2706 1336 2733 illorum
1359 2706 1485 2741 precibus
1508 2713 1571 2732 vere
1591 2705 1619 2732 in
1637 2705 1689 2732 ﬁde

903 2760 1066 2789 progressus
1078 2752 1182 2780 fecerit.
1197 2752 1415 2780 Christianorum
1435 2755 1524 2778 autem
1544 2751 1689 2778 multitudo

904 2799 1140 2831 numerosissima,
1158 2798 1300 2826 beatorum
1317 2803 1466 2832 martyrum
1484 2796 1609 2823 doctrina
1621 2804 1689 2824 cun-

903 2851 993 2875 versa,
1001 2843 1074 2870 omni
1085 2850 1168 2878 opera
1179 2847 1207 2870 et
1217 2843 1309 2870 studio
1318 2846 1345 2869 ul
1354 2846 1478 2876 poterant
1491 2847 1552 2868 cum
1561 2842 1689 2875 precibus

905 2897 1056 2926 magnaque
1067 2889 1214 2924 cupiditate
1222 2896 1303 2923 supra
1316 2888 1393 2915 beata
1402 2894 1516 2921 corpora
1531 2893 1690 2916 sanctorum

1491 2933 1530 2961 ‘22
