1935 3094
219 155 272 184 635

221 218 373 250 martyrum
393 210 539 242 ecclesiam
555 208 710 240 aediﬁcavit,
724 211 752 235 et
768 206 795 234 in
812 211 908 233 sancta
924 204 1011 240 gloria
1024 204 1047 232 A

222 264 325 288 sanctae
341 258 486 286 Trinitatis
511 257 593 293 digne
618 263 680 283 cum
705 252 874 281 aromatibus
895 251 948 279 tria
963 258 1012 278 nu-

222 314 299 334 mero
316 309 411 334 sancta
429 311 545 340 corpora
568 301 751 330 condiderunt
767 307 799 327 ac
814 299 1011 334 deposuerunt,

223 353 279 382 Deo
296 359 388 381 rerum
400 351 522 380 omnium
537 351 714 385 praepotente,
724 345 773 382 qui
783 345 934 381 opitulatur
946 350 1012 378 quo-

223 400 289 428 tidie
306 400 333 427 in
349 399 429 426 bonis
453 404 485 425 ac
510 396 608 428 beatis,
626 394 674 430 qui
696 392 845 420 virtutibus
871 390 1013 426 signisque

223 446 339 474 clarent.
363 444 429 478 Quae
454 443 539 478 igitur
564 440 669 470 oratio.
687 442 734 466 aut
750 445 810 474 quae
832 437 936 472 lingua,
955 439 1012 462 tam

223 497 386 526 magnorum
401 488 523 516 virorum
541 487 610 521 mira
626 490 654 513 et
677 484 807 513 inusitata
824 489 907 518 opera
925 480 1013 517 possit

223 544 372 573 exponere,
388 542 452 563 cum
469 541 504 562 ne
517 533 571 569 ipsi
582 533 692 568 quidem
702 531 823 558 humana
839 529 946 557 ratione
962 533 1013 554 sua

222 583 374 618 intelligere
389 579 514 616 possint?
535 577 658 614 Egrotis
673 576 747 604 enim
765 575 891 607 salutem,
907 573 1012 600 claudis

223 626 470 661 incessum-cacis
486 625 591 657 lumen,
613 623 706 652 surdis
727 622 862 653 auditum,
879 624 906 649 et
927 620 1012 648 mutis

222 682 378 705 sermonem
403 674 511 704 dantes,
538 669 749 705 immundosque
774 668 889 703 spiritus
911 667 958 702 qui
984 666 1012 693 in

221 720 384 756 corporibus
405 717 526 747 insident
551 716 738 753 exagitantes,
756 713 865 743 assidue
890 712 1012 741 remedia

223 766 353 795 all‘erunt.

257 897 314 925 Nos
330 903 439 931 quoque
456 898 483 923 et
499 893 614 922 salutari
631 895 704 926 voto,
721 896 749 920 et
764 891 844 919 beata
859 889 1014 918 obedientia
1031 879 1051 906 Β

215 943 332 976 divites,
348 941 400 969 etsi
416 940 534 968 maxime
551 939 689 974 indignos,
705 945 800 966 eorum
817 941 909 965 tamen
926 936 1016 973 preci-

223 989 276 1016 bus
301 987 425 1023 adjutos,
444 986 560 1014 salutem
585 988 763 1012 assecuturos
788 981 951 1014 credamus;
969 984 1017 1007 aut

222 1035 307 1064 etiam
333 1033 436 1062 deserti
461 1036 492 1060 ut
515 1031 632 1067 indigni,
650 1030 784 1058 faciamus
805 1032 836 1056 ut
860 1028 888 1055 in
905 1027 1015 1054 illorum

225 1081 331 1109 meritis
345 1080 381 1108 sit
389 1079 469 1107 nobis
478 1077 610 1106 auxilium
620 1080 648 1105 et
659 1075 816 1112 praesidium
824 1075 1015 1103 constitutum.

224 1127 319 1162 Neque
341 1126 416 1154 enim
442 1132 458 1152 a
482 1123 586 1152 nostris
607 1122 730 1150 moribus
755 1121 920 1152 habuimus,
937 1123 986 1147 aut
1001 1126 1018 1148 ο

229 1177 326 1202 nostra
342 1171 522 1208 praenotione,
540 1169 590 1198 sed
607 1177 642 1197 ex
657 1169 744 1197 veteri
760 1167 920 1196 narratione
936 1165 1018 1194 nobis

226 1218 362 1253 perlatum
379 1219 440 1244 est:
452 1221 567 1250 quaeque
577 1220 665 1249 pauca
680 1221 696 1241 a
713 1216 787 1240 certa
800 1211 932 1247 ﬁrmaque
948 1212 1019 1238 anti-

225 1263 342 1298 quitate,
348 1265 377 1290 et
385 1269 401 1289 a
408 1261 499 1297 longis
507 1259 678 1296 temporibus
686 1258 851 1291 audivimus,
857 1265 889 1286 ea
898 1261 927 1285 ut
934 1257 1020 1293 potui—

226 1316 289 1337 mus
302 1307 400 1339 litteris
414 1306 588 1338 mandamus,
596 1313 652 1333 non
658 1312 709 1340 pro
718 1304 804 1332 lubitn
820 1303 1019 1338 expositionem

227 1352 429 1390 aggressiysed
440 1357 639 1387 utmagnorum
649 1350 792 1378 doctorum
809 1356 854 1377 res
871 1352 961 1385 gestas
973 1355 1019 1376 co-

227 1400 320 1436 gnitas
335 1398 494 1431 habuimus,
505 1397 586 1426 veriti
599 1396 697 1429 Deum,
714 1395 912 1430 charitatisque
928 1394 1021 1423 studio

228 1445 351 1478 incensi,
368 1444 456 1472 multa
471 1448 498 1472 et
514 1443 645 1479 praeclara
657 1443 800 1471 beatorum
812 1442 946 1473 virorum,
960 1448 1022 1476 quas

228 1491 299 1519 mira
322 1494 398 1523 sunt,
421 1489 503 1527 403
530 1490 654 1517 facinora
678 1489 770 1516 conati
797 1494 905 1522 sumus,
916 1487 1021 1516 Christi

227 1536 319 1565 laudis
339 1543 434 1568 causa,
449 1535 598 1572 gloriaeque
616 1537 768 1570 martyrum
789 1537 817 1562 et
838 1533 977 1562 memoriae
993 1532 1021 1560 in
1035 1557 1057 1572 Ι,

227 1580 361 1609 extremis
377 1580 466 1609 sacris
488 1580 592 1608 chartis
609 1579 738 1615 prodere;
756 1586 791 1607 ne
811 1578 836 1606 si
852 1577 1021 1614 neglexisse«

220 1634 293 1656 mus
307 1634 342 1655 ac
356 1627 638 1662 contempsissemus,
661 1625 802 1661 veterique
818 1625 891 1654 hosti
914 1628 1019 1656 nostro,

228 1674 277 1710 qui
293 1674 322 1701 in
336 1673 487 1709 perniciem
504 1676 531 1701 et
541 1673 655 1701 exitium
671 1676 797 1701 nostrum
813 1671 919 1707 vigilat,
936 1675 963 1700 et
979 1673 1022 1699 in-

225 1718 320 1751 -videt,
336 1722 482 1754 parentes,
504 1717 714 1746 reticuissemus
730 1716 788 1744 haec
804 1717 908 1749 omnia,
925 1716 1022 1745 eodem

229 1765 313 1793 modo
334 1772 390 1801 quo
407 1765 427 1792 ii
442 1764 551 1792 ﬂamma
567 1767 595 1792 et
612 1763 675 1799 igne
689 1770 722 1791 ea
735 1770 796 1798 qua:
811 1762 846 1790 ab
861 1763 902 1790 eis
919 1762 1023 1797 scripta

229 1815 321 1845 erant,
333 1811 499 1847 deﬂagrasse
512 1810 619 1842 dicunt,
635 1817 731 1837 eorum
744 1809 832 1844 gratia
849 1808 1023 1843 amicitiaque

223 1859 381 1894 'privemur.
398 1858 469 1886 Cum
485 1860 576 1885 autem
592 1856 776 1893 cogitationes
793 1860 904 1887 nostrae,
921 1859 948 1883 et
964 1855 1024 1883 illo-

231 1912 293 1932 rum
308 1904 397 1940 gratia
413 1903 537 1940 vigilem,
548 1906 576 1931 et
591 1910 625 1930 ex
639 1902 737 1938 paucis
748 1902 860 1937 scriptis
871 1901 1022 1937 prodeant;

230 1958 265 1979 ea
281 1958 342 1987 qua:
358 1950 477 1986 cogitata
492 1952 557 1977 sunt
570 1952 599 1977 et
611 1948 697 1980 dicta,
709 1955 809 1984 magna
821 1955 883 1976 esse
897 1951 1022 1983 possunt.

232 1997 298 2025 Haec
313 2005 379 2024 vero
394 1996 471 2031 ipsos
487 1996 547 2024 sine
562 1999 650 2027 metu,
665 1993 822 2030 multosque
837 1993 906 2021 alios
921 1993 1025 2021 Christi

232 2051 317 2072 causa
338 2048 365 2071 et
384 2042 497 2070 nomine
517 2041 670 2070 certamina
694 2040 842 2076 pertulisse
866 2039 1024 2073 credimus,

226 2097 296 2118 zeum
313 2090 396 2117 etiam
409 2088 444 2116 ad
458 2088 517 2116 haec
531 2095 620 2123 usque
631 2091 765 2123 tempora,
781 2089 822 2114 tot
835 2089 946 2122 tamque
955 2085 1025 2113 mira

232 2143 316 2172 opera
331 2139 359 2164 et
370 2135 503 2163 miracula
518 2141 567 2170 per
583 2141 631 2162 eos
647 2133 690 2162 vis
706 2132 800 2161 divina
815 2132 905 2168 palam
919 2131 964 2160 edi
979 2139 1026 2160 ve-

233 2183 276 2217 lit,
293 2185 324 2210 ut
337 2189 434 2210 omnes
451 2181 550 2209 incolat
565 2185 593 2209 et
606 2180 719 2208 advenae
736 2180 942 2214 obstupescant.
954 2178 1026 2214 Ergo

811 146 841 173 S.
857 143 1009 173 DIONYSII
1025 141 1258 171 AREOPAGITIE

1795 137 1845 168 68$

1060 202 1119 234 λίας
1135 200 1333 237 ἐπιστρέψασα,
1349 199 1432 228 παντὶ
1450 198 1542 235 μόχθῳ
1556 198 1603 226 καὶ
1618 199 1746 234 καμάτῳ,
1763 198 1847 232 καθὼς

1063 248 1204 284 ἠδύναντο,
1224 247 1294 284 μετὰ
1311 247 1402 283 πάσης
1418 245 1572 282 προσευχῆς
1588 245 1634 272 καὶ
1654 245 1774 281 μεγάλης
1794 247 1848 272 ἐπι-

1063 294 1163 330 Θυμίας
1185 294 1278 322 ἐπάνω
1292 293 1348 320 τῶν
1370 291 1514 328 μακαρίων
1535 292 1670 327 σωμάτων
1691 291 1745 318 τῶν
1768 291 1847 326 ἁγίων

1065 340 1213 377 μαρτύρων
1229 339 1376 376 ἐκκλησίαν
1393 338 1594 375 οίκοδομήσασα
1604 358 1612 370 ,
1630 337 1677 365 καὶ
1693 338 1722 364 ἐν
1738 338 1772 373 τῇ
1788 337 1849 372 ἁγίᾳ

1062 387 1127 423 δόξῃ
1142 387 1192 423 τῆς
1208 387 1289 421 ἁγίας
1305 386 1420 422 Τριάδος
1431 405 1439 419 ,
1455 385 1547 422 τρίτον
1563 384 1678 420 ἀριθμὸν
1695 383 1751 419 (94)
1773 382 1849 416 ἀξίως

1065 434 1135 470 μετὰ
1145 433 1304 469 ἀρωμάτων
1320 431 1465 459 κατέθεντο
1479 430 1515 458 τὰ
1531 430 1594 463 ἀξια
1610 430 1726 465 σώματα
1742 429 1799 465 Θεῷ
1812 428 1849 463 τῷ

1064 478 1262 514 παντοδυνάμῳ
1277 476 1418 513 βοηθοῦντι
1435 478 1465 503 ὲν
1487 475 1598 511 ἀγαθοῖς
1617 475 1678 502 καθ’
1688 475 1792 512 ἡμέραν
1807 476 1850 502 δυθ-

1063 526 1162 561 νάμεσι
1179 524 1225 552 καὶ
1251 523 1375 560 σημείοις
1390 522 1582 558 διαλάμπουσι,
1607 523 1686 554 Ποῖος
1709 520 1757 550 οὖν
1779 522 1850 556 λόγος

1063 572 1080 609 ἢ
1098 571 1163 599 ποία
1178 570 1289 606 γλῶσσα
1306 569 1442 596 τοσούτων
1462 568 1610 605 μαρτύρων
1630 568 1782 604 ἐπαρκέσαι
1796 568 1851 604 διη-

1063 617 1200 655 γήσασθαι
1215 616 1266 648 τὰς
1281 615 1425 651 δυνάμεις,
1440 615 1540 643 όπόταν
1556 614 1616 642 οὐδὲ
1635 615 1711 641 αὐτοὶ
1730 614 1852 642 δύνανται

1064 664 1227 701 ἀνθρωπίνῳ
1246 661 1370 699 λογισμῷ
1385 662 1551 698 κατανοῆσαι
1573 661 1609 688 τὰ
1625 661 1745 695 ἐαυτῶν;
1766 661 1854 688 Ἀσθε-

1064 712 1139 741 νοῦσι
1160 710 1216 747 γὰρ
1238 709 1388 746 σωτηρίαν,
1401 708 1498 745 χωλοῖς
1511 708 1543 735 τὸ
1560 709 1731 744 περιπατεῖν,
1748 708 1854 743 τυφλοῖς

1065 757 1133 794 φῶς,
1151 758 1252 792 κωφοῖς
1267 757 1298 783 τὺ
1314 755 1434 788 ἀκούειν,
1452 756 1499 782 καὶ
1516 754 1623 787 ἀλάλοις
1636 754 1753 786 διδόντες
1768 755 1854 790 λόγον,

1065 805 1112 832 καὶ
1128 803 1272 839 ἀκάθαρτα
1287 802 1431 838 πνεύματα
1444 801 1648 838 παρεδρεύοντα
1661 803 1719 833 τοῖς
1735 801 1854 837 σώμασιν

1065 850 1252 882 ἐκδιώκοντες,
1268 849 1416 881 ἀπαύστως
1430 848 1580 884 παρέχουσι
1594 847 1645 879 τὰς
1662 848 1757 879 ίάσεις.

1102 896 1157 924 Καὶ
1173 896 1263 932 ἀγαθῇ
1281 896 1348 932 εὐχῇ
1366 895 1412 922 καὶ
1430 894 1554 931 μακαρίᾳ
1569 894 1674 930 ὑπακοῇ
1692 894 1857 930 πιαινόμενσι

1066 943 1157 978 ἡμεῖς,
1175 943 1200 969 εί
1219 942 1267 969 καὶ
1285 941 1321 969 τὰ
1344 941 1461 977 μάλιστα
1477 942 1501 968 oi
1515 940 1619 974 ἀνάξιοι
1634 942 1695 973 ταῖς
1710 941 1801 968 αὐτῶν
1816 950 1859 968 πι-

1068 989 1199 1024 στεύομεν
1224 989 1389 1025 προσευχαῖς
1414 987 1591 1024 βοηθούμενοι
1614 987 1792 1024 σώζεσθαι,ῆ
1814 988 1860 1016 καὶ

1068 1034 1238 1070 ἐξιστάμενοι
1254 1034 1291 1067 ὡς
1306 1033 1411 1068 ἀνάξιοι
1426 1034 1476 1066 τὰς
1493 1033 1582 1061 αὐτῶν
1598 1034 1664 1070 ἡμῖν
1675 1034 1755 1067 ἀξίας
1771 1043 1860 1070 παρα-

1068 1082 1167 1116 στῆσαι
1183 1080 1353 1117 πειρώμεθα·
1371 1081 1432 1116 οὐχὶ
1448 1080 1503 1116 γὰρ
1521 1081 1554 1108 ἐκ
1574 1080 1628 1107 τῶν
1645 1081 1787 1117 ἡμετέρων
1803 1082 1863 1116 τρό-

1069 1135 1128 1153 πων
1144 1122 1183 1153 ὧν
1195 1125 1365 1162 κεκτήμεθα,
1380 1125 1397 1161 ἢ
1409 1125 1499 1160 οἰκείᾳ
1514 1124 1678 1161 προγνώσει,
1690 1119 1754 1151 ’ἀλλ’
1765 1126 1797 1152 ἐκ
1812 1134 1863 1152 πα-

1069 1172 1146 1204 λαιᾶς
1159 1172 1311 1208 διηγήσεως
1329 1172 1395 1207 ἡμῖν
1416 1170 1557 1206 ἐξηνέχθη,
1570 1171 1616 1198 καὶ
1632 1170 1650 1198 ἂ
1666 1172 1699 1198 ἐκ
1715 1171 1816 1207 μέρους
1832 1173 1864 1198 ἐκ

1069 1218 1167 1254 παγίου
1190 1217 1305 1254 ἀρχαίου
1329 1217 1408 1251 ὀλίγα
1430 1216 1501 1244 καθὰ
1522 1216 1713 1253 ἠδυνήθημεν,
1741 1217 1789 1244 καὶ
1811 1218 1865 1244 ἀπὺ

1071 1264 1185 1300 μακρῶν
1211 1264 1314 1300 χρόνων
1339 1263 1510 1299 ἀκηκόαμεν,
1524 1264 1554 1290 ὲν
1576 1265 1721 1300 συγγραφῇ
1743 1263 1866 1299 παρεδώ-

1071 1317 1170 1345 καμεν,
1186 1309 1238 1336 οὐκ
1253 1307 1491 1344 αὐτομολήσαντες
1507 1307 1571 1342 περὶ
1583 1307 1633 1342 τήν
1648 1307 1779 1342 ἐξήγησιν
1796 1306 1865 1342 (95),

1069 1355 1108 1387 ὡς
1121 1355 1239 1391 εἴρηται,
1251 1354 1354 1386 ἀλλ’ὡς
1366 1353 1421 1381 τῶν
1433 1353 1559 1390 μεγάλων
1573 1353 1696 1389 ἔγνωμεν
1708 1352 1867 1388 διηγήματα

1070 1399 1249 1432 διδασκάλων,
1267 1398 1429 1434 φοϐούμενοι
1452 1399 1499 1426 τὸν
1519 1398 1596 1430 Θεὸν,
1613 1398 1660 1425 καὶ
1684 1399 1718 1434 τῇ
1746 1398 1868 1435 μερίμνῃ

1071 1445 1122 1481 τῆς
1146 1445 1256 1480 ἀγάπης
1272 1444 1465 1480 ἀναπτόμενοι,
1483 1443 1571 1470 πολλὰ
1588 1443 1643 1470 τῶν
1658 1443 1802 1479 μακαρίων
1819 1443 1868 1470 ἀν-

1071 1490 1143 1528 δρῶν
1168 1490 1288 1526 φωτεινὰ
1318 1489 1446 1526 θαύματα
1472 1489 1668 1525 ἠγωνισάμεθα
1692 1490 1732 1521 είς
1756 1489 1869 1516 ἔπαινον

1072 1535 1203 1573 Χριστοῦ,
1220 1536 1266 1563 καὶ
1284 1535 1363 1569 δόξαν
1387 1535 1442 1562 τῶν
1466 1534 1612 1571 μαρτύρων
1630 1534 1677 1562 καὶ
1701 1535 1869 1571 ἀνάμνησιν,

1073 1583 1102 1609 ἐν
1119 1583 1244 1618 ἐσχάτοις
1259 1583 1343 1618 ἱεροῖς
1354 1580 1522 1617 παραδοῦναι
1538 1581 1667 1616 χάρτεσιν
1684 1580 1750 1617 (96),
1769 1581 1815 1608 ἵνα
1833 1581 1872 1617 μὴ

1072 1627 1275 1662 ὐποκλέψαντες
1290 1627 1337 1654 καὶ
1354 1627 1552 1663 ἀμελήσαντες,
1565 1628 1610 1655 καὶ
1626 1627 1666 1663 τῷ
1679 1629 1787 1664 ἀρχαίῳ
1802 1638 1873 1664 γρη-

1072 1673 1197 1710 γοροῦντι
1213 1673 1274 1702 καθ’
1288 1673 1367 1710 ἡμῶν
1379 1673 1469 1710 ἐχθρῷ
1482 1675 1529 1702 καὶ
1542 1674 1684 1709 φθονοῦντι
1698 1675 1872 1711 πειθόμενοι,

1075 1721 1237 1756 σιγήσαντες
1248 1720 1348 1757 ὁμοίως
1363 1722 1420 1752 τοῖς
1436 1720 1570 1755 λέγουσιν,
1587 1721 1629 1748 ὃτι
1645 1721 1724 1756 φλογὶ
1735 1724 1873 1758 καυστικῇ

1074 1766 1305 1800 κατακεκαυμένα
1327 1765 1380 1792 είσὶ
1404 1765 1440 1792 τὰ
1465 1767 1669 1803 συγγράμματα
1692 1767 1785 1794 αὐτῶν
1803 1767 1874 1804 (97),

1074 1811 1255 1848 ἀποτύχωμεν
1276 1811 1327 1848 τῆς
1353 1811 1467 1848 χάριτος
1483 1812 1583 1839 αὐτῶν.
1606 1813 1711 1842 Τῶνδὲ
1728 1814 1876 1850 ἡμετέρων

1074 1858 1184 1885 ἐννοιῶν
1200 1858 1394 1894 γρηγορουσῶν
1406 1859 1440 1894 τῇ
1454 1858 1544 1885 αὐτῶν
1559 1858 1650 1895 χάριτι
1662 1859 1709 1886 καὶ
1723 1860 1876 1895 χωρουσῶν

1075 1904 1104 1938 ἐξ
1120 1903 1217 1938 ὀλίγων
1241 1903 1297 1930 τῶν
1321 1905 1573 1940 συγγεγραμμένων
1597 1905 1724 1933 δύνανται
1748 1906 1786 1933 τὰ
1811 1915 1877 1942 νοηι

1075 1948 1157 1977 θέντα
1172 1949 1242 1977 εἶναι
1266 1951 1379 1986 μεγάλα.
1398 1950 1492 1977 Ταῦτα
1514 1951 1543 1978 δὲ
1557 1952 1641 1987 χωρὶς
1658 1951 1741 1987 φόϐου
1759 1953 1879 1979 πιστεύ-

1074 2005 1142 2034 ομεν
1162 1996 1276 2029 πολλοὺς
1292 1997 1391 2030 αὐτοὺς
1407 1998 1454 2025 καὶ
1470 1998 1581 2034 ἑτέρους
1597 1998 1642 2026 διὰ
1667 1999 1788 2035 Χριστὸν
1806 2000 1878 2026 ὑπο-

1077 2042 1260 2079 μεμενηκέναι
1286 2042 1405 2077 ἀγῶνας,
1420 2043 1462 2070 δτι
1479 2043 1526 2071 καὶ
1543 2043 1597 2077 ἓως
1621 2042 1670 2070 τοῦ
1687 2043 1736 2070 νῦν
1751 2044 1878 2070 τοσαῦτα

1075 2089 1110 2116 δι’
1121 2088 1211 2115 αὐτῶν
1223 2089 1240 2124 ἠ
1252 2088 1312 2116 θεία
1326 2088 1441 2124 δύναμις
1457 2088 1581 2121 καταξιοῖ
1597 2089 1790 2125 φανερωθῆναι
1808 2089 1879 2116 θαυ-

1078 2136 1173 2173 μάσια,
1189 2135 1261 2163 ὥστε
1277 2135 1436 2168 ἐξίστασθαι
1453 2136 1558 2168 πάντας
1573 2136 1638 2168 τοὺς
1653 2135 1812 2168 οἰκοῦντας,
1832 2136 1881 2163 καὶ

1077 2182 1347 2218 παρατυγχάνοντας.
1367 2182 1488 2209 Ἔπαθον
1503 2180 1550 2210 οῦν
1565 2183 1590 2209 οἱ
1619 2182 1750 2219 μακάριοι
1769 2183 1881 2219 μάρτυ-

234 2229 358 2265 perpcssi
376 2232 441 2257 sunt
456 2232 574 2256 mortem
590 2227 694 2256 Christi
708 2230 844 2262 martyres
859 2224 1019 2261 Dionysius

1081 2237 1125 2264 ρες
1140 2227 1188 2255 τοῦ
1209 2227 1343 2264 Χριστοῦ,
1360 2228 1511 2261 Διονύσιος,
1536 2228 1690 2260 Ῥούστικος
1715 2228 1763 2256 καὶ
1787 2229 1884 2256 Ἐλευ-

234 2277 367 2305 Rusticus
390 2280 418 2304 et
439 2274 626 2308 Eleutherius,
643 2274 760 2309 septimo
782 2268 920 2300 Kalendas
944 2271 1027 2299 0cto~

234 2323 304 2356 bris,
315 2322 472 2351 Domitiano
482 2319 649 2358 imperatore
665 2321 694 2348 in
707 2319 806 2352 Gallia,
818 2319 934 2347 Lutetiae
950 2318 1029 2346 Pari-

236 2368 352 2401 siorum,
370 2372 501 2403 regnante
518 2366 635 2395 Domino
650 2370 746 2394 nostro
760 2364 827 2394 Iesu
840 2364 951 2393 Christo
964 2372 1027 2393 cum

237 2412 319 2441 lintre
333 2417 361 2441 et
377 2417 474 2442 sancto
492 2412 608 2448 Spiritu,
621 2419 698 2441 nunc
712 2416 740 2442 et
756 2419 876 2448 semper,
890 2415 918 2441 et
931 2411 962 2440 in
976 2419 1027 2440 sae-

236 2459 301 2487 cula
317 2459 490 2488 seculorum.
509 2459 606 2488 Amen.

1080 2275 1180 2310 θέριος,
1197 2274 1299 2311 ἑϐδόμῃ
1315 2274 1454 2302 καλανδῶν
1470 2273 1633 2310 ὀκτωδρίου,
1644 2274 1691 2301 ἐπὶ
1707 2275 1883 2310 Δομετιανοῦ

1081 2319 1227 2356 βασιλέως,
1245 2321 1274 2347 ἐν
1288 2322 1346 2353 τοῖς
1364 2321 1458 2356 μέρεσι
1473 2321 1524 2357 τῆς
1539 2320 1654 2352 Γαλλίας
1676 2320 1723 2348 καὶ
1740 2321 1883 2358 Παρισίας

1081 2366 1195 2399 πόλεως,
1214 2365 1401 2401 βασιλεύοντος
1416 2365 1464 2394 τοῦ
1480 2366 1584 2403 Κυρίου
1601 2366 1680 2403 ἡμῶν
1703 2367 1794 2403 Ἰησοῦ
1814 2368 1883 2404 Χρι-

1081 2411 1145 2440 στοῦ
1162 2413 1220 2448 ἅμα
1235 2412 1283 2439 τοῦ
1299 2412 1407 2448 Πατρός
1421 2412 1478 2447 [καὶ
1492 2412 1540 2440 τοῦ
1556 2413 1634 2448 ἁγίου
1651 2413 1819 2449 Πνεύματος
1837 2413 1883 2440 νῦν

1080 2458 1128 2486 καὶ
1145 2458 1188 2485 ἀεὶ
1205 2458 1251 2485 καὶ
1267 2458 1307 2490 εἰς
1321 2459 1385 2491 τοὺς
1399 2458 1500 2490 αἰῶνας
1515 2458 1570 2487 τῶν
1586 2459 1703 2487 αἰώνων.
1721 2460 1830 2497 Ἀμήν.
