1935 3094
197 168 253 200 σξη
779 170 806 198 S.
827 169 961 198 DlONYSl

1079 169 1232 198 )PAGITIE
1777 167 1827 196 (ὶεὲ

199 227 252 256 Sed
269 229 447 257 Altitonantis
461 230 574 266 prodiga
597 229 643 258 Dei
661 237 743 258 manu

235 273 337 303 Paulus
350 275 450 302 monile
465 275 603 307 Ecclesia},

197 319 287 349 Musis
301 321 422 349 Athenas
433 321 575 349 aﬂluentes
589 326 703 349 venerat

235 366 332 395 Fidum
351 367 475 403 profanis
491 368 633 403 oppidum.

200 411 334 443 ‘l‘orrente
346 413 445 449 linguae
457 421 560 444 suSque
571 413 661 448 deque
674 414 758 441 diruit

235 459 332 487 Cultus
346 459 482 487 i'dolorum
504 460 614 495 impios.

199 505 282 533 Verbi
298 506 422 542 loquelas
437 506 577 534 seminans
592 507 704 535 solertia

234 550 393 587 Dionysium
412 553 493 580 vertit
505 553 632 588 sophum,

198 597 385 633 Proceresque
399 599 482 625 lactat
495 599 566 626 lacte
580 599 670 626 sancti
687 599 817 635 Spiritus,

236 642 311 675 Quos
324 643 399 670 nulla
415 643 457 671 vis
470 642 606 670 facundiae

198 688 269 716 Olim
285 692 395 716 tenaces
410 689 535 724 quiverat
549 689 695 718 divertere.

233 734 292 761 Alia
306 739 349 762 est
360 734 446 770 ﬁgura
457 742 540 770 quam
554 739 644 763 antea.

196 779 274 808 Nunc
290 781 413 816 viperina
429 785 617 817 praecaverunt
630 782 758 818 dogmata

230 824 304 854 Inter
317 825 433 860 reﬂexas
451 827 574 859 semitas,

195 869 284 905 Atque
298 871 461 898 abdicarunt
480 872 588 907 publice
610 872 773 907 sophistica,

231 917 335 944 Christi
350 918 438 946 secuti
457 919 606 946 tramitem.

195 962 264 997 Lux,
282 963 375 996 Paule,
395 965 527 999 gentium,
543 964 592 992 tibi
606 965 720 993 scientia

229 1006 307 1037 Nunc
320 1014 397 1045 grata
413 1011 527 1046 porrigit
538 1019 646 1039 manus.

194 1055 369 1084 Atheniensis
389 1056 540 1092 dissipatur
555 1057 653 1091 gloria,

230 1101 299 1129 Dum
314 1096 438 1138 suggeris
454 1104 596 1133 miracula.

193 1146 316 1176 Dilectus
330 1149 414 1178 astris
425 1149 524 1177 humor
537 1154 589 1184 est,
607 1151 655 1178 ubi
670 1159 742 1179 novo

228 1194 316 1223 Labes
327 1196 397 1224 reati
412 1195 524 1225 ﬂumine

193 1239 360 1277 Purgantur,
373 1246 436 1274 ante
450 1251 544 1271 verum
559 1244 666 1274 Numen
680 1246 807 1275 noverint

229 1287 262 1314 Et
277 1288 387 1316 fixerint
397 1290 566 1319 medullitus.

193 1334 235 1362 Tu
251 1335 352 1369 praesul
365 1335 453 1364 haares
464 1337 576 1372 puritati
589 1337 724 1373 Apostoli,

228 1379 351 1416 Lympha
365 1387 478 1410 renatus
497 1384 606 1417 coalica,

193 1424 253 1454 Nox
267 1426 340 1453 hunc
352 1427 464 1463 refugit,
475 1429 579 1456 excutit
590 1430 747 1466 caliginem.

226 1471 285 1499 Jam
304 1474 477 1509 mancipatus
489 1474 610 1504 Numini.

191 1517 270 1553 Viget
287 1527 385 1547 sereno
397 1521 480 1548 corde
489 1520 598 1550 ﬂamma
613 1521 720 1555 fortior,

229 1564 261 1592 Et
272 1565 349 1594 frons
361 1567 468 1595 renidet
482 1568 584 1603 gaudio

191 1610 294 1639 Badice
304 1612 339 1640 ab
355 1613 409 1641 ima
428 1613 551 1642 funditus
564 1615 657 1643 vulsas
671 1616 751 1643 simul

229 1658 337 1687 Erroris
357 1663 432 1688 artes
443 1660 572 1689 extrahit.

189 1705 251 1738 Alte
268 1713 395 1741 recessus
407 1706 542 1735 luminum
558 1711 584 1735 et
595 1708 658 1735 cmli
675 1709 771 1744 plagas

227 1750 383 1784 Scrutatur,
393 1756 475 1788 atque
485 1754 625 1788 praedicat.

191 1796 316 1825 Scintilla
332 1799 422 1833 qualis
439 1799 525 1835 fulget
545 1804 605 1827 atro
622 1800 766 1835 sulphure,

226 1841 274 1870 Vel
292 1847 321 1870 ut
332 1844 459 1872 refractis
473 1845 592 1873 nubibus

189 1887 242 1921 Per
255 1890 345 1917 noctis
359 1891 485 1919 umbram
500 1892 620 1921 siderum
636 1894 740 1922 micant
751 1894 837 1927 faces,

228 1935 275 1962 Sic
288 1937 416 1970 praesulis
435 1937 527 1965 vultus
540 1938 589 1973 pii.

190 1980 240 2009 Vis
255 1981 346 2008 addita
361 1986 403 2010 est
418 1983 523 2016 menti;
540 1983 688 2021 verbisque
704 1985 820 2014 seminat

227 2029 335 2057 Millena
351 2029 451 2058 civium
471 2030 589 2065 agmina.

188 2075 288 2107 Fetura
315 2083 410 2102 verum
427 2076 551 2104 nascitur
566 2077 681 2110 sensim,
696 2086 748 2106 nec
761 2083 805 2106 est

225 2122 303 2156 Quod
323 2123 440 2157 amplius
451 2130 542 2151 moras
557 2123 659 2156 trahat.

189 2168 300 2199 Jussum
315 2169 434 2204 capessit
449 2169 573 2204 Apostoli
588 2178 595 2202 ;
608 2178 711 2198 morem
725 2178 823 2206 gerens

225 2214 266 2241 Ad
281 2213 491 2242 Franeo-Celtas
506 2214 634 2242 mittitur.

189 2259 314 2294 Perrexit
328 2260 423 2288 urbem
440 2268 503 2287 cum
518 2261 603 2289 sociis
617 2261 753 2290 Lutetiam

224 2305 350 2332 Cinctam
365 2306 479 2334 insulari
492 2306 622 2341 ﬂumine;

190 2350 259 2378 Tum
275 2352 417 2386 parvulam
432 2353 530 2386 muris,
545 2353 593 2381 sed
611 2353 668 2382 aris
683 2358 710 2381 et
725 2355 804 2383 molae

225 2396 310 2425 Valde
323 2398 437 2426 deorum
450 2390 591 2427 deditam:

189 2441 262 2485 Bene
278 2442 369 2476 habet,
385 2447 527 2478 peractum
538 2449 590 2478 est,
602 2445 676 2480 quod
692 2445 740 2474 diu
755 2447 906 2483 cupiverat.

224 2488 360 2516 Persolvit
370 2490 432 2517 urbi
447 2490 552 2518 munia.

189 2533 324 2568 Praedicta
335 2534 462 2569 quamvis
475 2535 630 2570 principum
646 2535 795 2564 crudelitas

226 2579 319 2608 Tellus
333 2580 442 2609 ruberet
455 2586 608 2617 martyrum

189 2621 296 2654 Cruore
315 2631 322 2650 :
336 2625 421 2657 vitam
435 2624 540 2653 Gallico
554 2629 647 2654 tamen
661 2626 723 2654 solo

226 2669 301 2697 Tulit
315 2670 450 2698 medelam
469 2678 644 2706 comparans.

190 2715 298 2743 Lolium
310 2717 460 2752 expedivit,
478 2718 591 2746 velleret
606 2717 751 2752 radicitus,

225 2763 304 2796 Quod
317 2763 426 2798 ignibus
437 2764 630 2792 committeret.

190 2808 279 2839 Annis
292 2813 421 2844 onustus,
437 2811 538 2846 eloquii
551 2811 627 2839 fonte
638 2811 735 2848 irrigat

225 2854 339 2883 Gentem
360 2856 502 2892 profanam
520 2857 642 2893 largiter.

190 2900 266 2935 Finis
277 2902 305 2929 in
324 2903 481 2944 prophetas,
499 2908 588 2934 mente
603 2905 695 2939 divina
711 2904 785 2945 rapit

1003 235 1026 264 Α
1076 229 1117 257 Tu
1128 229 1236 257 Christe
1251 228 1358 264 Apollo,
1368 231 1489 263 pectora.

1039 273 1123 301 Latex
1142 281 1278 308 saporque
1288 273 1407 301 nectaris
1419 273 1511 308 lingua
1525 271 1595 304 ﬂuit,

1071 319 1125 346 Cor
1138 319 1257 354 mitigas,
1270 323 1388 346 mentem
1402 319 1488 347 foves.

1039 365 1077 392 ita
1090 365 1180 392 reddit
1193 373 1290 401 agmen
1303 365 1431 401 protinus
1445 364 1528 393 fidum
1543 364 1599 393 Deo

1072 411 1195 440 Antistes
1208 411 1278 448 Agni
1295 412 1433 440 conscius.

1039 457 1092 486 Sed
1105 458 1269 486 Christianae
1288 458 1400 486 silvulas
1415 461 1509 493 gentes
1522 461 1628 493 petunt,

1073 503 1171 531 Latent
1184 508 1334 532 trementes
1344 503 1454 531 abditae.

1037 549 1178 585 Noctuque
1188 549 1268 576 litant
1281 555 1451 585 congregatae
1464 549 1612 584 suppiices.

1071 595 1199 624 Condunt
1211 595 1343 623 suburbio
1357 597 1434 624 ocius

1038 642 1174 677 Stephano
1193 642 1278 678 priori
1295 646 1446 677 martyrum
1468 649 1574 669 sacram
1587 641 1698 669 domum

1071 689 1137 724 Ejus
1160 688 1333 724 frequentant
1348 688 1453 716 limina.

1036 733 1119 769 5.08
1129 733 1164 761 Ut
1179 741 1243 762 vere
1252 733 1372 761 ﬂorifero
1382 742 1458 770 vaga:
1468 733 1549 762 ﬂores
1562 741 1647 772 novos

1072 780 1180 815 Stipant
1194 787 1259 815 apes
1271 784 1297 807 et
1308 780 1424 807 rivulos.

1035 827 1119 854 Amor
1131 826 1262 862 sequendi
1278 827 1414 862 quoslibet
1429 826 1552 854 accendit
1564 825 1613 854 Dei

1071 872 1230 908 Dionysium
1246 873 1403 901 satellitem.

999 911 1020 937 Β
1036 917 1090 946 Nec
1101 926 1117 945 a
1133 919 1296 946 rudimentis
1311 920 1436 946 aberan
1452 919 1591 956 martyris.

1071 964 1198 992 Semente
1213 972 1275 993 sera
1290 965 1418 1000 pinguius

1036 1011 1151 1040 Exsistit
1166 1020 1280 1045 arvum;
1293 1012 1391 1040 deinde
1404 1012 1478 1048 quod
1498 1011 1681 1048 vegrandibus

1070 1058 1193 1086 Oblectat
1208 1062 1282 1086 astra
1297 1059 1446 1087 messibus.

1036 1103 1086 1132 llic
1100 1105 1190 1132 cultor
1203 1105 1310 1132 instans
1328 1108 1374 1131 aut
1388 1109 1480 1132 arator
1494 1106 1632 1140 gnaruris,

1069 1150 1184 1178 Ditescit
1199 1158 1291 1179 aream
1302 1152 1421 1186 replens.

1035 1197 1159 1225 Prudens
1172 1197 1286 1225 colonus
1296 1205 1363 1233 ergo
1374 1198 1423 1232 qui
1435 1205 1498 1225 cum
1511 1198 1606 1226 fenore

1070 1243 1145 1270 Parit
1159 1243 1247 1271 solum
1263 1243 1391 1271 feracius.

1036 1287 1108 1316 Satis
1123 1296 1259 1324 superque
1271 1289 1368 1316 civitas
1379 1288 1488 1316 Lutetia

1070 1333 1172 1370 Ligone
1185 1335 1258 1362 culta
1273 1334 1413 1370 praesulis.

1033 1380 1074 1408 Ad
1090 1381 1214 1408 veritatis
1229 1380 1298 1408 ﬂexa
1310 1381 1403 1408 lumen
1418 1381 1537 1416 inclytrc.

1068 1426 1176 1455 Florem
1190 1427 1248 1460 Dei,
1266 1427 1369 1455 fontem
1386 1427 1466 1455 Boni.

1033 1473 1096 1501 Ales
1107 1474 1230 1509 polorum
1244 1474 1369 1509 protinus
1380 1473 1540 1509 praecordiis

1067 1519 1176 1548 Nostris
1191 1527 1270 1547 suum
1284 1520 1375 1548 cordis
1385 1520 1468 1555 jubar

995 1584 1016 1611 C
1034 1565 1172 1598 Vibravit;
1187 1566 1233 1593 alti
1248 1566 1367 1601 pectoris
1383 1566 1467 1594 situm
1482 1566 1618 1595 iunovans

1066 1612 1135 1640 Nam
1152 1613 1247 1640 oculos
1259 1613 1381 1641 tenebrae
1398 1613 1562 1641 clauserant.

1032 1659 1067 1687 At
1081 1659 1182 1694 vipera:
1197 1659 1288 1694 proles
1303 1659 1395 1695 rigens
1416 1659 1521 1687 saevitia

1067 1704 1160 1732 Cmsar
1174 1704 1241 1732 lurit
1261 1704 1451 1738 Germanicus,

1032 1751 1126 1779 Fidem
1141 1759 1257 1787 perosus
1270 1752 1392 1779 toxicum
1407 1750 1497 1779 fundit
1509 1752 1607 1788 magis,

1068 1797 1146 1831 Quod
1162 1798 1267 1826 foverat
1282 1798 1338 1833 jam
1353 1798 1520 1833 plusculum,

1031 1842 1145 1870 Decreta
1159 1843 1271 1875 mandat
1285 1844 1458 1879 exsequenda
1469 1845 1605 1881 gentibus,

1066 1888 1100 1916 E1.
1111 1889 1284 1918 Christianos
1299 1892 1417 1921 territat,

1031 1935 1064 1963 Ni
1077 1935 1159 1964 thure
1170 1937 1279 1971 placent
1295 1937 1447 1973 principem
1462 1937 1545 1966 Deum
1557 1937 1666 1974 Jovem,

1067 1981 1129 2010 Mox
1144 1982 1322 2011 destinandos
1337 1984 1456 2020 ignibus.

1031 2027 1118 2056 Caedis
1128 2029 1364 2057 uiinisterexstitit
1373 2030 1502 2063 Sisinius,

1069 2074 1206 2103 lmmensa
1221 2076 1308 2112 pestis
1319 2080 1346 2104 et
1359 2080 1471 2104 tremor.

1031 2119 1117 2155 Cujus
1133 2121 1220 2149 ferina
1238 2121 1329 2149 ﬂoruit
1342 2123 1492 2158 gentilitas,

1067 2166 1100 2193 Et
1114 2166 1202 2195 fastus
1217 2175 1352 2204 arrogans
1364 2168 1458 2201 minis,

1033 2212 1172 2248 Serpentis
1187 2219 1264 2241 atrox
1275 2215 1375 2242 evomit
1389 2215 1466 2243 virus
1478 2225 1485 2249 ;
1500 2223 1551 2244 nec
1561 2221 1604 2244 cst

996 2260 1017 2287 lt
1067 2258 1144 2292 Quod
1157 2259 1240 2287 eﬂ‘ero
1261 2260 1338 2287 vultu
1351 2263 1434 2296 queat
1551 2296 1554 2298 Ι

1030 2305 1169 2335 Cruentus
1182 2305 1261 2333 urbis
1276 2306 1424 2341 optimates
1433 2306 1545 2334 laedere.

1067 2350 1103 2378 Ut
1114 2355 1264 2380 aestuantes
1278 2353 1398 2387 aequoris

1032 2396 1117 2425 Unda:
1127 2397 1256 2433 profundi
1269 2399 1398 2426 cautibus
1417 2399 1515 2427 radunt
1528 2400 1594 2427 nihil
1608 2409 1614 2426 :

1065 2442 1179 2472 Frustra
1190 2444 1297 2473 laborat
1308 2446 1430 2480 regulus.

1031 2488 1089 2516 ileu
1106 2490 1194 2525 surgit
1206 2490 1258 2523 ira,
1275 2495 1303 2518 et
1317 2494 1430 2526 aggerat
1443 2491 1517 2519 vires
1530 2490 1619 2525 furor,

1068 2535 1154 2564 Struit
1165 2536 1272 2564 ruinam
1284 2538 1410 2573 martyri.

1032 2581 1157 2609 Stimulis
1171 2583 1285 2610 calescit
1296 2583 1445 2612 condolens
1459 2585 1532 2612 ultor
1543 2584 1637 2613 Deum.

1066 2628 1121 2655 Nec
1134 2632 1267 2664 temperat
1279 2631 1406 2658 vesaniae.

1031 2674 1054 2702 0
1069 2682 1158 2702 mersa
1170 2675 1236 2703 limo
1250 2676 1361 2704 caecitas
1375 2677 1542 2709 mortalium,

1066 2718 1088 2747 0
1102 2719 1209 2755 spissus
1223 2727 1301 2748 error
1313 2722 1444 2756 gentium.

1030 2765 1131 2794 Pastus
1145 2773 1245 2795 cruore
1262 2767 1384 2795 carnifex
1398 2768 1480 2803 gestit
1493 2769 1573 2797 ducis

1067 2812 1175 2840 Statuta
1189 2813 1241 2841 rite
1250 2815 1388 2849 persequi.

1034 2859 1103 2893 llinc
1115 2859 1256 2887 hostiatim
1271 2860 1402 2896 martyris
1414 2861 1532 2897 vestigia

1067 2904 1189 2945 Vestigat
1201 2905 1291 2939 audax
1304 2912 1330 2935 et
1345 2906 1421 2943 petit.
