1935 3094
93 175 145 204 oss
163 161 172 185 δ

92 232 164 260 Inter
175 238 303 259 coronam
315 229 416 257 civium
429 227 539 256 tandem
548 227 623 256 videt

126 278 263 312 Praecepta
275 279 447 310 spargentem
464 273 522 302 Dei.

90 322 169 350 Haud
185 322 306 350 continet
319 328 432 353 manus;
451 319 497 347 sed
513 319 586 347 ultro
601 319 714 355 corripit

125 368 252 396 Vinctum
267 367 371 395 catenis
386 366 547 401 supplicem,

89 413 132 441 Fit
145 415 242 446 laetior,
257 412 375 448 ﬂagrans
389 411 437 439 Dei
453 410 610 446 Dionysius,

124 459 158 487 Et
172 460 258 487 currit
275 459 310 486 ad
325 458 468 486 Sisinium.
487 479 489 481 .

87 505 176 542 Atque
190 506 297 534 invocat
313 508 410 532 nutum
424 503 545 539 supremi
560 502 697 532 Numinis.

125 552 155 579 Si
169 552 222 580 vile
232 555 328 587 pectus
343 550 491 578 chrismate
509 560 511 562 ·

88 597 174 626 Sacro
188 597 267 632 piasti
284 596 327 624 l'ac
341 595 432 629 modo,
448 598 542 623 custos
560 594 626 631 poli,

124 644 183 672 Meo
191 644 297 672 colorer
306 643 450 678 sanguine.

86 689 210 717 Dissolve
218 693 335 716 mentem
351 687 497 724 ergastulis
514 695 520 712 :
536 695 596 715 eam
611 687 661 715 bca

121 735 262 763 Felicitate
281 735 396 769 perpeti.

83 779 216 808 lnnnotus
227 781 309 808 instat
321 783 425 812 martyr
439 781 502 806 ante
514 777 661 805 barbarum

121 826 190 854 Saevi
203 826 324 853 tribunal
337 825 449 861 judicis.

78 872 133 901 Cui
150 872 222 900 fatur
235 880 283 900 ore
299 872 405 899 fervido
421 871 552 904 Sisinius,

118 918 216 947 Livore
225 922 338 954 turgens
350 919 446 947 noxio:

80 963 152 991 Num
166 966 208 991 est
222 963 282 998 ipse
293 962 409 991 ﬂabrum
429 963 565 992 sibilantis
579 962 726 999 Gorgonae,

117 1009 214 1045 Segnis
232 1017 315 1037 senex
330 1013 357 1038 et
371 1010 517 1045 impotens.

78 1054 149 1082 Cum
169 1055 309 1083 illitterata
323 1056 441 1084 credidit
458 1056 619 1091 frequentia,

115 1099 200 1136 Leges
210 1101 323 1129 deorum
336 1109 478 1137 respuens.

77 1145 171 1174 Etate
186 1155 249 1175 vere
261 1155 321 1176 sum
337 1156 431 1180 senex,
449 1148 494 1175 hic
507 1147 636 1180 reddidit,

112 1190 163 1219 Ast
174 1191 239 1220 ﬂore
253 1197 385 1221 constans
401 1193 529 1228 pectoris.

75 1237 182 1273 Anguis
196 1243 334 1266 senectam
348 1242 470 1271 mutuor,
484 1238 530 1274 qui
547 1237 670 1266 sentibus

112 1285 210 1314 Cutem
221 1293 325 1321 repono
341 1285 494 1314 sordidam.

75 1329 184 1358 Recens
202 1338 332 1359 renascor
345 1331 440 1358 ctelica
451 1330 600 1367 propagine

108 1376 225 1404 thnix
237 1377 385 1412 quotannis
399 1377 547 1415 pullulans.

73 1421 185 1450 Miseret
200 1425 310 1450 tuorum
324 1430 368 1450 me
385 1430 539 1455 sacrorum,
554 1426 581 1451 et
592 1427 755 1458 temporum.

110 1466 198 1494 Pudet
214 1466 307 1504 fateri,
319 1467 391 1502 quod
407 1466 510 1500 ferunt,

72 1510 131 1540 Vos
143 1512 283 1540 immolare
295 1513 413 1541 barbaro
424 1513 479 1540 ritu
493 1513 569 1541 viros

111 1556 282 1593 Gentemque
296 1559 369 1586 catde
381 1558 505 1594 perdere.

71 1602 205 1639 Ostende,
221 1612 323 1639 quaeso,
341 1611 410 1640 quas
424 1599 533 1632 adorem
550 1605 694 1641 imagines.

107 1649 225 1677 lunonis
241 1653 344 1683 utrum,
363 1649 407 1677 vel
424 1648 508 1678 Jovis.

71 1693 109 1722 Ut
126 1694 213 1723 fumet
225 1702 297 1731 agno
310 1695 432 1730 caespitis
445 1694 596 1731 fastigium,

108 1740 143 1768 Et
157 1741 237 1769 thure
247 1741 481 1777 postesambiam.
493 1764 495 1767 ,

69 1786 144 1820 Quid
160 1795 213 1820 me,
225 1787 352 1820 nefande,
367 1787 522 1822 supplicare
537 1787 641 1823 cogitas

107 1833 187 1861 Fonti
206 1833 339 1861 malorum
351 1833 478 1861 daemoni.

69 1877 217 1906 Deasciato
228 1878 314 1913 stipiti
325 1886 430 1907 verrem
446 1878 524 1912 feris,

108 1923 169 1958 Quo
183 1932 249 1952 saxa
263 1924 318 1952 l‘ani
340 1925 472 1960 perlinas.

68 1970 140 2003 Cum
158 1971 215 1999 haec
229 1978 322 2004 cerno,
333 1974 464 2006 tanquam
479 1971 585 2006 parvuli
598 1972 749 2007 crepundia

106 2012 193 2048 Duco,
214 2024 364 2052 senumque
378 2017 492 2044 vanulas

67 2061 266 2093 Edentulorum
285 2063 436 2091 cantilenas
451 2066 573 2090 autumo.

104 2108 166 2137 Non
179 2109 352 2141 erubescam,
367 2109 392 2137 si
406 2108 487 2137 ﬁdem

67 2154 162 2183 Tuear
179 2155 288 2184 fatendo
301 2155 451 2183 maximum
467 2163 558 2192 regem
574 2156 697 2184 aetheris.

102 2201 209 2229 Caelum
221 2206 333 2237 paratur
346 2203 491 2238 sanguine.

64 2247 218 2278 Praefectus
234 2248 311 2276 urbis
326 2249 417 2276 toxico
432 2247 505 2277 fellis
517 2248 635 2277 madens

100 2295 157 2323 Cor
170 2295 306 2323 audiendo
317 2299 469 2325 exusserat.

62 2339 169 2368 Ebullit
180 2340 232 2372 ira.
250 2341 414 2376 apprehendi
424 2341 502 2376 jubet
513 2342 613 2372 virum,

100 2387 169 2422 Ejus
179 2386 287 2415 sodales
297 2388 429 2422 proxime.

60 2437 99 2467 At
114 2436 161 2463 ille
173 2439 249 2463 tanto
261 2436 359 2468 laetior,
376 2443 438 2463 cum
450 2435 578 2463 adoream

100 2482 209 2510 Labore
223 2486 329 2518 partam
344 2481 484 2517 praevidet.

59 2529 179 2562 Fontem
192 2533 301 2556 serenat
313 2527 423 2555 aetheris
436 2519 544 2558 solatio,

99 2573 208 2610 Ilymno
224 2573 298 2600 canit
311 2572 482 2608 symphonia.

59 2619 147 2648 Velut
163 2618 197 2646 ad
211 2619 295 2647 dapes
310 2625 422 2652 specum
434 2619 501 2653 petit
513 2618 660 2651 lubentius,

97 2664 199 2692 Animo
217 2664 368 2692 Tonantem
383 2664 535 2699 pensitans.

60 2714 180 2738 Autrum
197 2711 297 2738 latebat
307 2710 429 2738 abditum
445 2710 512 2747 (98),
530 2714 639 2739 scatens
655 2711 719 2744 situ,

101 2755 198 2784 Noctis
213 2756 334 2784 tenebris
351 2755 481 2789 obsitum,

97 2855 154 2892 (98)
178 2854 227 2883 Ubi
257 2855 336 2886 hodie
369 2854 441 2884 mdes
472 2855 502 2883 D.
523 2855 642 2894 Dionysii
661 2864 674 2884 a
692 2857 826 2892 Caruere,

61 2893 144 2918 situr.

550 171 767 206 MARTYRIGM‘,
776 171 888 202 ‘AUC'I‘.
907 171 1068 201 DIONYSIO
1090 170 1136 200 GU
1139 169 1254 199 ERlNO.

888 243 912 271 Α
927 229 1022 258 Gravis
1037 232 1145 256 senecta
1155 227 1266 255 clausus
1278 226 1405 261 implorat
1417 233 1497 262 prece

959 273 1086 302 Celestis
1103 274 1179 309 ignes
1197 272 1325 308 Spiritus.

926 319 1028 347 Rerum
1042 324 1160 353 creator,
1177 320 1270 356 gloriae
1281 320 1409 355 splendor
1421 320 1510 348 Patris

961 365 1077 394 lmmitte
1096 373 1186 398 rores,
1204 364 1248 392 fac
1263 372 1370 400 precor,

924 410 982 439 Neu
996 411 1065 439 livor
1079 418 1159 446 asper
1171 410 1274 446 jndicis
1285 411 1428 438 mitescere

959 457 1052 485 Discat
1067 457 1159 489 modo,
1173 457 1217 484 fac
1227 457 1376 492 opprimar.

924 503 985 531 Mox
1000 503 1147 531 carceralis
1159 503 1269 531 caecitas
1283 503 1412 538 Olympici

959 549 1074 584 Fulgore
1088 549 1190 576 Christi
1209 547 1338 584 fulgurat.

922 594 1056 630 Agnoscit
1071 594 1115 621 hic
1133 593 1282 629 Dionysius
1293 592 1444 628 potentiam

957 640 1069 673 Adesse,
1083 647 1164 675 quam
1175 642 1333 675 speraverat
1345 647 1351 664 :

922 687 1004 714 Tanti
1016 685 1116 713 laboris
1127 686 1268 721 praemium
1283 689 1358 713 stant
1372 685 1460 721 angeli

957 731 1024 760 Visu
1039 732 1158 760 nitentes
1171 732 1301 767 undique.

921 778 990 806 Huic
1005 778 1135 813 poculum
1150 779 1212 806 vita:
1229 777 1300 806 Deus
1315 778 1355 806 sic
1369 777 1494 814 porrigit,

957 824 992 852 Ut
1007 832 1086 859 poma
1104 825 1151 852 ﬁat
1166 825 1262 852 lenior.

921 870 1068 898 Perhibent
1082 873 1227 905 tyrannum
1242 870 1406 898 blandiendo
1421 869 1572 898 antistitem

885 911 907 940 Β
955 914 1039 943 Vario
1054 915 1179 943 irritasse
1190 923 1313 944 munere.

918 961 952 988 Et
966 961 1083 989 nobilem
1099 961 1192 988 laudat
1207 961 1314 997 generis
1325 961 1480 997 prosapiam

954 1007 1054 1034 Partim
1070 1007 1183 1035 senilem
1196 1008 1324 1043 gratiam.

916 1052 998 1090 5,09
1012 1052 1151 1081 Encomiis
1164 1057 1267 1090 martyr
1278 1058 1352 1082 retro
1366 1053 1469 1082 claudit
1483 1061 1549 1083 suae

951 1101 1039 1128 Aures
1054 1103 1084 1127 ut
1097 1101 1204 1136 anguis,
1221 1109 1255 1128 ne
1269 1101 1370 1128 malum

917 1145 1014 1182 Serpat
1024 1147 1152 1177 medullis
1168 1147 1262 1180 altius,
1281 1147 1364 1175 libras
1384 1154 1492 1183 quoque

951 1192 1120 1229 Contagione
1136 1193 1252 1229 polluat.

917 1238 969 1267 Seu
981 1239 1032 1268 ﬂos
1043 1239 1146 1267 odorus
1160 1239 1271 1272 albicat,
1288 1239 1422 1269 sulIirnine

951 1284 1089 1320 Spargens
1104 1285 1213 1321 tyranni
1229 1285 1342 1320 regiam.

914 1329 1077 1367 Per-stringit
1089 1332 1171 1359 orbes
1187 1331 1321 1358 luminum
1334 1330 1479 1362 miraculis
1490 1340 1498 1358 :

948 1376 1009 1405 Νοιι
1026 1385 1106 1405 nemo
1119 1378 1237 1404 miratur
1251 1377 1352 1405 virum.

914 1422 1025 1458 Stupuit
1039 1427 1173 1458 tyrannus
1190 1431 1197 1449 :
1213 1427 1289 1451 terve
1309 1423 1392 1451 dictis
1406 1423 1485 1453 aruit.

949 1469 1059 1497 Clarere
1078 1471 1167 1498 nescit
1180 1470 1329 1505 scrupulis,

913 1515 1037 1544 Incertus
1048 1516 1124 1543 illum
1139 1516 1245 1552 puniat,
1257 1516 1300 1544 vel
1315 1516 1422 1548 liberet,

950 1561 1089 1598 Usumque
1103 1562 1200 1590 reddat
1210 1563 1336 1590 liberum.

913 1609 983 1642 Quid
996 1609 1094 1644 plura?
1103 1609 1189 1636 vincit
1198 1609 1311 1636 anxium
1322 1607 1451 1636 socordia

944 1655 1061 1682 Alumna
1073 1655 1157 1683 caedis
1172 1659 1199 1683 et
1208 1654 1312 1682 crucis.

911 1699 1042 1728 Fomenta
1053 1701 1153 1728 vulnus
1168 1701 1306 1736 putridum
1323 1699 1452 1728 novantia

946 1745 1140 1774 Crudelitatem
1153 1750 1310 1782 procreant.

910 1791 980 1825 Quid
989 1792 1030 1820 “tsi
1045 1792 1135 1820 soluta
1146 1793 1271 1821 inaestuet
1284 1793 1446 1828 praecordiis

946 1838 1024 1872 Bilis,
1040 1839 1180 1875 faciatque
1195 1839 1363 1867 incendium.

911 1884 998 1913 Simul
1012 1886 1136 1914 calentes
1148 1885 1348 1913 inverecundus
1358 1883 1450 1913 minas

945 1930 1036 1959 T-orvo
1047 1932 1128 1959 cievit
1142 1931 1245 1959 lumine

909 1975 981 2012 Figit
997 1977 1110 2013 sagittas
1124 1978 1238 2013 pectori,
1257 1985 1307 2006 nec
1324 1977 1457 2014 impetum

945 2022 1024 2050 Valet
1037 2027 1131 2052 tenere
1142 2024 1277 2052 amentiae.

909 2069 1015 2097 incerta
1027 2070 1117 2105 qualis
1129 2070 1248 2099 Entheos
1260 2070 1355 2106 pedem
1369 2071 1444 2104 tulit,

946 2114 991 2147 UL
1000 2114 1099 2144 Maenas
1114 2115 1223 2147 insanit,
1232 2116 1296 2147 Deo.

909 2160 1021 2191 Certare
1034 2163 1124 2190 lassus
1134 2163 1221 2192 hostis
1240 2164 1268 2191 in
1290 2165 1430 2199 praetorio,

940 2208 1037 2243 Agitur
1051 2209 1177 2243 procellis
1191 2210 1309 2237 interim.

874 2251 895 2278 Β
910 2254 982 2281 (ὲωᾱὶ
996 2253 1111 2290 ﬂagellis
1123 2255 1246 2290 praecipit
1263 2255 1417 2288 lictoribus,

942 2300 1103 2336 Corpusque
1117 2301 1202 2336 pungi
1217 2302 1341 2337 spiculis.

909 2346 1039 2374 Strictum
1053 2348 1164 2375 retortis
1177 2347 1297 2376 brachiis
1310 2349 1379 2384 posti
1391 2349 1477 2384 ligant

939 2392 1047 2421 Nudare
1061 2398 1152 2422 costas
1167 2395 1298 2430 gestiunt.

909 2438 942 2465 Ut
958 2448 1005 2474 per
1019 2440 1131 2468 lacunas
1144 2442 1289 2470 vulnerum
1309 2445 1401 2476 crepet
1411 2442 1490 2477 jecur
1504 2451 1511 2469 :

939 2485 1107 2521 Paulumque
1118 2487 1231 2523 sanguis
1246 2487 1371 2523 palpitet.

906 2530 1021 2559 Ridebat
1034 2532 1092 2560 haec
1107 2537 1211 2569 martyr
1227 2533 1273 2561 Dei
1288 2526 1417 2566 ludibria,

936 2576 1060 2606 Tortoris
1074 2578 1219 2614 increpans
1233 2586 1341 2606 manus.

904 2621 926 2650 0
940 2630 987 2650 vos
1001 2623 1114 2656 alumni,
1126 2624 1245 2652 carceris
1260 2625 1392 2652 saevitiam

938 2668 1059 2700 Armate,
1073 2677 1176 2704 quaeso,
1189 2670 1306 2704 plenius.

904 2712 1029 2742 Stillante
1048 2715 1122 2748 tabo,
1138 2717 1263 2752 corporis
1279 2721 1368 2744 cutem
1384 2718 1437 2745 mei

937 2759 1133 2793 Multicolorcm
1149 2762 1263 2791 reddite.

875 1581 897 1612 ε

855 2858 891 2889 in.
908 2859 986 2896 cujus
1014 2860 1079 2889 mdis
1104 2868 1184 2890 cavea
1210 2861 1309 2891 nobilis
1339 2860 1382 2889 ille
1408 2867 1502 2887 carcer
1527 2858 1616 2886 adhuc
1643 2847 1670 2887 vi

1660 173 1712 202 69-5
