1935 3094
227 155 280 184 695
804 153 835 182 S.
853 153 1004 183 DlON‘YSll
1029 153 1260 183 AREOPAGITE

227 212 308 246 Exin,
324 213 443 248 peractis
458 213 590 250 principis
604 212 745 242 furoribus
755 234 763 246 ,

259 259 425 288 Ardeatibus
443 261 539 296 prunis
552 259 643 288 datur.
695 267 698 269 ‘

225 304 315 334 Locus
328 311 369 334 est
380 307 551 342 propinquus
568 306 701 343 Sequanae
711 308 860 336 sinuamini
875 307 931 344 (99)

255 353 405 382 Tormenta
422 361 538 382 cernens
553 355 684 382 sontium.

224 399 310 432 Quem
322 401 407 435 sepsit
421 408 517 435 agmen
533 401 651 427 militum
667 400 820 428 forinsecus

256 444 370 480 Fulgere
385 445 500 473 cassidis
512 445 627 474 micans.

223 490 330 519 Prunas
345 497 468 527 tepentes
481 493 603 520 carnifex
615 493 715 520 sternit
729 492 796 525 cito,

259 537 293 565 Ut
303 546 335 566 os
349 539 420 566 beati
434 539 561 574 langueat

222 583 366 611 Decumbit
384 584 442 619 ipse
459 585 559 612 lectulo
576 585 655 613 laetus
672 586 741 621 rogi.

257 628 367 656 Auimat
381 630 490 657 sodales
503 629 610 659 sedulo.

220 674 261 702 illi
275 683 307 703 os
323 675 421 703 decore
436 676 573 711 splenduit
589 677 676 712 magis
688 683 780 704 aureo.

252 720 345 749 Talem
361 726 501 750 revertens
516 722 613 757 legifer

219 766 260 794 De
270 771 362 795 monte
374 768 478 795 vultum
493 767 605 796 detulit:
623 767 683 796 Non
697 772 772 801 sunt,
781 769 829 800 ait,

213 819 216 821 ‘
251 814 398 842 Tormenta
411 823 472 851 quae
487 823 535 843 vos
550 816 663 843 cernitis

218 860 308 889 (‘itata
329 861 433 889 cursim
449 866 602 894 transeunt,
620 862 707 890 instar
721 863 776 889 noti

250 907 356 936 Pulvim
372 909 508 936 moventis
525 909 552 935 in
566 916 638 936 aere.

218 953 301 981 Trahi
313 961 330 982 e
343 958 448 982 castata
459 954 580 982 fervidus
591 955 667 990 jubet
680 954 779 986 virum.

248 999 330 1027 Aliud
343 1007 431 1036 genus
445 1004 524 1036 parat
537 1001 637 1028 crucis.

216 1045 258 1073 Ad
269 1046 371 1075 montis
386 1047 471 1074 altum
486 1047 613 1075 verticem
628 1047 792 1075 contermini

253 1090 367 1119 Lutetia;
377 1091 530 1119 deducitur.

219 1135 297 1164 Velut
312 1144 382 1172 agna
397 1138 490 1173 templi
504 1137 668 1166 destinanda
683 1139 826 1172 altaribus,

247 1182 290 1210 Nil
305 1183 445 1211 immolata
459 1184 605 1212 clamitans

217 1228 320 1257 Intrare
335 1229 428 1257 fanum
444 1224 550 1264 cogitur
564 1230 688 1266 Cyllenii.
739 1230 742 1232 ’

253 1275 347 1310 ibique
359 1275 423 1303 thus
436 1275 561 1304 adurere.

214 1320 270 1349 llas
284 1322 394 1350 intuens
409 1322 536 1357 ineptias,
552 1323 686 1359 imagines

247 1365 346 1394 lrridet
361 1371 443 1403 atque
460 1369 598 1404 conspuit.

214 1412 306 1441 Senilc
319 1417 423 1449 martyr
437 1415 533 1442 maluit
547 1416 646 1443 collum
662 1417 727 1444 dare

246 1458 342 1486 Mortis
355 1459 473 1488 lavacris
489 1461 631 1497 inclytum.

212 1503 242 1531 ld
258 1504 414 1532 maluerunt
424 1513 490 1533 voce
502 1507 576 1534 clara
593 1506 725 1536 Rusticus

1028 216 1052 244 Α
1102 213 1133 240 Hi
1149 214 1343 248 conspicantur
1354 210 1484 248 .prasttlis

1068 260 1192 288 Manibus
1206 259 1286 287 coitis
1298 258 1468 291 vectitatum,
1479 256 1600 286 nobilem

1099 305 1140 333 Ad
1154 304 1276 332 villulam
1292 304 1444 331 miraculis.

1067 353 1089 380 0
1102 357 1143 380 ter
1152 356 1305 387 quaterque
1320 355 1348 379 et
1359 350 1476 385 amplius
1487 349 1553 378 felix
1562 349 1659 385 jugunt

1098 398 1155 426 Hoc
1170 402 1349 434 purpuratum
1360 397 1494 433 sanguine
1510 398 1517 424 ι

1065 444 1140 472 Felix
1151 444 1250 472 amomi
1264 443 1363 471 littoris
1377 443 1550 478 pomoerium.

1101 490 1232 525 Felisque
1246 490 1325 518 collis
1338 491 1428 517 vinea.

1065 537 1162 565 Mulier
1176 536 1282 564 Catulla
1296 536 1388 564 ﬂoruit
1402 535 1519 564 credens
1537 534 1604 566 Deo.

1095 582 1215 618 Purgata
1228 585 1324 611 sancto
1340 581 1442 617 Spiritu
1456 591 1463 609 :

1063 629 1128 663 Quae
1139 633 1210 656 tacta
1224 628 1302 656 miris
1312 634 1463 664 martyrum
1476 628 1568 661 donis,
1579 627 1677 656 ducem

1093 675 1216 707 Mollivit,
1233 679 1264 702 ut
1278 675 1410 702 cadavera

1064 721 1195 748 llnmaret
1211 724 1294 748 uncta
1310 721 1444 752 balsamo,
1461 720 1544 752 rosis,
1561 728 1637 748 mero
1653 728 1662 746 :

1097 767 1174 795 Domi
1188 775 1333 795 reservans
1344 768 1470 803 posteris.

1062 815 1132 842 llinc
1143 815 1221 842 vicus
1241 814 1286 842 ille
1299 814 1408 842 femina:
1423 821 1523 842 nomen
1542 813 1636 841 trahit.

1099 859 1277 894 (Catulliacus
1295 859 1349 886 dici
1362 859 1462 895 potest)

1023 901 1044 928 Β
1060 906 1119 934 Jam
1139 915 1188 935 sex
1202 907 1323 942 peractis
1337 907 1446 934 saeculis
1461 911 1509 934 aut
1522 906 1634 934 circiter
1650 914 1661 934 :

1095 953 1188 982 Manes
1199 954 1297 989 sepulti
1311 957 1461 989 martyrum

1061 998 1205 1026 Oblivione
1220 1006 1334 1034 prorsus
1344 999 1436 1031 obruti
1451 1008 1458 1014 -
1473 999 1528 1027 nisi

1090 1045 1173 1081 Regis
1187 1045 1299 1073 Clothzei
1314 1045 1386 1074 filius

1060 1093 1229 1128 Dagobertus
1245 1094 1300 1122 iras
1322 1093 1426 1121 horridi
1444 1093 1532 1121 vitans
1547 1093 1634 1128 patris

1090 1139 1190 1168 Tristis
1202 1147 1335 1168 cavernas
1346 1141 1494 1176 quaeritans
1505 1139 1580 1175 (100)
1592 1159 1600 1172 ,

1059 1185 1095 1214 Se
1110 1187 1273 1214 contuliSSet
1289 1187 1317 1214 in
1332 1187 1490 1222 sepulcrum
1502 1187 1599 1214 tutius.

1087 1233 1186 1261 Statim
1204 1233 1310 1268 sopitus
1328 1233 1447 1261 somnio.

1056 1275 1090 1303 At
1102 1277 1247 1304 dormienti
1264 1276 1375 1312 fulgidis
1386 1277 1454 1304 clari
1468 1277 1547 1305 stolis

1082 1321 1241 1357 Apparuere
1264 1327 1409 1358 martyres.

1055 1368 1094 1395 Ac
1109 1368 1272 1403 pollicentur
1282 1369 1398 1405 principi
1410 1370 1498 1398 minas
1514 1370 1601 1405 patris

1086 1414 1189 1442 Sedare
1205 1423 1286 1450 posse
1299 1415 1419 1448 coalitus,

1055 1460 1133 1489 Modo
1149 1461 1255 1489 favillas
1267 1462 1310 1489 hic
1321 1462 1388 1490 sitas
1401 1462 1546 1498 prateoniis

1085 1508 1219 1543 lnsigniat
1231 1516 1338 1544 semper
1353 1508 1461 1537 lubens.

1799 147 1848 177 696

1055 1554 1194 1582 Triforme
1208 1555 1318 1582 culmen
1338 1554 1485 1588 Gallicum,
1499 1555 1599 1591 triplex
1615 1562 1706 1583 nonor

1085 1600 1146 1634 Quo
1158 1604 1270 1636 praestat
1283 1601 1360 1629 urbis
1375 1601 1505 1637 dignitas.

1016 1627 1038 1657 Β
1055 1646 1114 1674 Non
1125 1627 1280 1676 obsolescet
1296 1648 1369 1676 ullus
1381 1627 1506 1677 inuterris
1523 1656 1592 1684 apex
1606 1658 1613 1676 :

1085 1692 1141 1720 Nec
1158 1693 1248 1728 pulvis
1267 1694 1386 1722 obducet
1401 1694 1456 1722 situ

1054 1738 1129 1771 Tuae,
1144 1743 1268 1775 patrone,
1286 1740 1409 1768 lauream
1423 1741 1523 1774 laudis,
1540 1741 1596 1769 Deo

1085 1785 1220 1822 inscripta
1232 1794 1329 1823 perpes
1342 1788 1441 1824 pagina
1455 1792 1509 1817 est.

1423 1834 1521 1862 Amen.

246 1550 280 1578 Et
295 1552 502 1580 contubernalis
517 1554 582 1588 pati.
616 1556 618 1559 '

211 1595 362 1625 l’ercussor
375 1605 441 1625 ense
451 1597 516 1625 dum
532 1598 594 1626 ferit
609 1602 704 1636 guttur
719 1609 812 1636 senis,

246 1640 377 1677 Spectant
392 1642 551 1678 frequentes
568 1632 677 1674 eminus
719 1632 727 1651 ³

210 1687 306 1716 Pavidi
318 1697 413 1726 greges
424 1691 562 1719 doctorem
578 1691 606 1719 in
618 1693 674 1720 alto
689 1694 800 1722 vertice.

245 1734 300 1763 Res
316 1737 385 1764 mira
400 1737 528 1772 posteris,
539 1743 621 1774 caput
640 1741 644 1744 ‘

211 1780 290 1814 Quod
302 1786 472 1817 amputatum
489 1784 613 1812 viderant
635 1786 777 1814 cadaveris

242 1861 299 1903 (99)
311 1861 357 1889 Ille
370 1863 448 1891 locus
461 1864 562 1903 visitur
573 1865 601 1892 in
617 1866 719 1903 templo
737 1866 768 1893 Β.
781 1866 904 1902 Dionysii
918 1868 1002 1903 Vulgo
1057 1868 1201 1903 Sequanae.

210 1904 226 1923 ι
235 1895 332 1931 Passu,
345 1905 430 1934 prope
439 1899 524 1927 aadem
537 1899 627 1928 Beata
643 1895 744 1934 Ma'riae,
758 1910 812 1930 non
821 1895 901 1938 longe
914 1910 929 1930 a
941 1895 1000 1938 ripa
1087 1895 1161 1939 (i00)
1175 1903 1318 1932 Aimonius
1329 1905 1491 1939 monachus,
1511 1905 1582 1935 ﬂint.
1595 1907 1643 1936 lib.
1658 1915 1695 1940 ιν,
1711 1914 1737 1935 c.
1754 1907 1806 1938 17.

588 2056 821 2136 VlTA
878 2058 958 2136 S.
1020 2059 1460 2138 DIONYSII

818 2200 1223 2247 AREOPAGITJE

469 2297 690 2326 ATHENARUM
709 2297 874 2331 EPISCOPI,
894 2298 1110 2327 FRANCORUM
1131 2298 1303 2328 APOSTOLI
1321 2301 1365 2328 ET
1395 2299 1577 2329 MABTYRIS

954 2379 1004 2399 PER
1022 2379 1048 2399 Il.
1067 2381 1092 2399 P.

601 2453 989 2512 PETRI!!!
1026 2454 1438 2513 EALLOIX

881 2555 951 2585 90c.
969 2555 1045 2586 Jasu
1063 2556 1177 2586 Passa.

662 2625 831 2654 Concinnata
845 2627 1023 2663 ejusdemque
1040 2630 1230 2659 notationibus
1247 2631 1395 2658 illustrata.

800 2745 990 2784 ,ἀιοαᾰιι
1011 2747 1211 2776 marum.

241 2810 271 2854 Sli
284 2819 300 2839 e
312 2813 570 2854 clai'is_sanctorunt_
584 2815 696 2854 Patrum
708 2815 779 2854 Vitis
794 2824 833 2845 ea
846 2818 965 2854 primum
979 2822 1111 2853 punctum
1128 2819 1229 2851 ferunt,
1245 2826 1305 2853 quae
1318 2826 1373 2846 una
1388 2826 1453 2846 cum
1468 2809 1644 2854 antiquitatis
1659 2819 1852 2852 auctoritate.

205 2849 324 2889 utiliores
344 2849 370 2876 in
381 2849 496 2889 _lit_teris,
516 2851 542 2878 in
563 2851 715 2889 laboribus,
735 2853 762 2878 in
780 2849 1060 2889 peregrinationibus,
1076 2855 1102 2881 in
1119 2855 1205 2889 signis
1220 2849 1339 2889 denique
1354 2863 1386 2882 ac
1398 2849 1567 2882 salutaribus
1582 2854 1728 2889 prodigiis,
1749 2849 1851 2882 admi;

205 2882 359 2912 ralilitales
381 2885 498 2918 habent;
522 2886 625 2914 nemini
647 2882 713 2915 sane
734 2888 761 2914 in
776 2882 860 2916 dubio
878 2882 1059 2924 relinquitur;
1070 2898 1126 2924 quo
1144 2882 1215 2922 loco,
1232 2882 1319 2924 quove
1340 2889 1456 2918 numero
1471 2898 1503 2918 ea
1522 2882 1630 2918 censeri
1650 2882 1764 2924 (libeat,
1780 2898 1854 2926 qua:
