1935 3094
155 172 207 201 725
649 170 739 204 VITA,
760 172 863 200 ACCT.
883 172 913 200 Ρ.
933 172 1086 200 HALLOIX
1103 171 1178 199 SOC.
1197 171 1288 201 JESU.
1715 175 1766 202 726

154 229 243 257 omnis
257 232 330 265 retro
348 228 497 265 antiquitas
517 228 614 260 coluit,
630 236 707 265 quosi
719 234 748 265 tu
766 229 824 265 ipse
838 229 927 256 adhuc
946 234 1001 256 tam
1017 234 1111 258 sancte
1126 233 1271 257 veneratus
1285 237 1325 261 es,
1341 234 1368 258 et
1381 231 1549 259 venerandos
1565 238 1625 259 esse
1637 232 1765 265 docuisti,

153 268 256 300 mutata
269 263 404 300 desubito
418 263 568 300 voluntate,
589 263 662 291 nunc
684 264 797 300 abjicis?
812 269 839 291 tu
863 264 935 296 illos,
952 265 1023 292 velut
1045 265 1148 292 Circaeo
1173 264 1292 300 quodam
1315 266 1413 300 poculo
1429 266 1455 292 in
1473 266 1556 293 alium
1572 274 1677 298 versus,
1694 263 1766 295 nunc

152 299 345 333 despiciendus
367 303 394 326 et
412 299 584 334 despuendos
600 299 697 335 doces?
712 299 803 335 Ecqua
818 299 851 335 de
866 308 949 327 causa
963 301 1046 327 vero?
1061 308 1157 335 nempe
1172 299 1201 327 ut
1220 308 1304 327 unum
1316 299 1496 332 seditiosum,
1511 306 1537 328 et
1552 302 1724 332 sceleratum,
1739 307 1767 330 et

152 334 277 369 impium,
297 342 379 371 queui
398 335 440 361 sui
461 333 605 371 populares
619 334 663 371 ob
676 333 813 371 horrenda
833 333 935 371 ﬂagitia
952 339 1039 362 morte
1059 333 1241 371 infamissima
1259 340 1425 371 mactarunt,
1440 339 1569 371 tanquam
1586 336 1670 364 Deum
1690 337 1766 366 colas

152 374 179 397 et
194 369 349 396 venereris?
364 369 454 404 Papm!
469 370 641 401 insolentem,
658 370 784 402 invisam,
798 369 948 397 inauditam
964 370 1127 397 amentiam!
1144 370 1220 397 Talia
1237 370 1275 397 illi
1293 374 1320 397 et
1336 372 1420 397 multa
1438 369 1505 398 aliaf
1515 371 1620 404 Quibus
1636 379 1697 398 cum
1721 381 1765 399 sa-

152 405 313 466 rientissme
326 405 368 431 vir
393 404 441 432 Dei
464 412 552 432 novus
577 404 763 439 responderet,
780 408 807 431 et
831 405 894 432 hinc
911 405 1023 432 deorum
1040 406 1186 432 vanitatem
1206 413 1240 432 ex
1265 406 1464 440 antiquissimis
1480 407 1599 441 ipsorum
1621 407 1765 441 gentilium

165 440 245 466 ibris.
263 443 290 466 et
312 439 374 466 inde
387 440 468 466 unius
484 440 539 466 veri
555 440 602 466 Dei
618 440 770 466 veritatem.
792 440 967 466 solidissimis
983 440 1134 466 rationibus
1149 445 1387 466 commonstraret.
1409 441 1510 466 surdis.
1525 442 1595 466 (mod
1611 442 1698 466 aiunt.
1716 450 1765 466 au—

165 440 245 478 ibris,
263 443 296 478 et_
312 439 374 478 inde
387 440 468 478 uilius
484 440 539 478 veri
555 440 602 478 Dei
618 440 770 478 veritatem,
792 440 967 478 solidissimis
983 440 1139 478 rationibus
1149 439 1387 470 commonstraret.
1409 439 1510 478 surdis,
1525 442 1595 476 quod
1611 439 1698 478 aiunt,
1716 450 1766 469 au-

152 474 228 502 ribus
240 475 389 502 accinebat.
406 475 439 501 Et
453 475 486 503 de
499 474 610 502 Christo
625 475 743 509 quidem,
760 483 821 501 cum
837 483 869 502 ex
884 475 959 502 Pauli
976 475 1099 502 doctrina
1116 475 1175 509 ejus
1191 482 1324 502 summam
1338 476 1520 503 innocentiam
1533 474 1566 504 ‘ct
1584 477 1764 504 voluntariam

154 518 204 545 pro
227 510 383 537 hominibus
398 514 524 541 mortem,
539 516 567 537 et
583 513 646 537 data
663 510 690 537 in
709 515 796 537 morte
814 510 948 545 prodigia,
971 510 1128 544 replicando
1145 511 1225 537 etiam
1244 510 1364 537 nondum
1392 511 1568 539 inveteratam
1583 511 1682 539 defecti
1698 513 1764 540 solis

153 545 321 581 memoriam.
338 545 404 581 satis
419 546 492 573 clare
513 545 684 578 ostenderet;
706 549 796 572 tamen
820 546 871 581 ipsi
886 549 913 572 ct
927 545 1011 581 428
1031 546 1076 572 illa
1097 550 1198 573 temere
1219 545 1411 572 inficiabantur
1426 549 1452 572 et
1477 546 1546 573 hanc
1562 547 1692 573 aliorsum
1708 551 1766 574 tra-

152 580 261 607 hebant.
280 580 364 613 Quasi
381 581 509 607 nimirum
525 585 552 607 et
566 581 629 607 talis
643 581 798 607 innocentia
815 580 836 607 si
860 580 966 613 fuisset,
985 588 1121 615 nunquam
1147 581 1243 608 fuisset
1265 581 1375 615 publico
1392 581 1496 615 judicio
1518 581 1717 615 condemnata;
1737 586 1765 610 et

154 615 198 641 illa
218 616 285 643 solis
301 614 428 651 defectioi
440 616 464 643 si
484 619 570 642 totum
586 616 680 651 orbem
705 616 898 651 inunibrasset,
915 623 970 651 non
987 620 1040 642 tam
1050 614 1091 642 ’ea
1109 616 1142 643 dc
1156 624 1250 647 causa,
1266 614 1349 650 quam
1363 614 1480 643 occultis
1502 616 1663 651 quibusdam
1680 618 1764 644 ratio-

152 651 233 677 nibus
247 650 400 678 accidisset.
416 650 535 677 Plurima
553 651 624 677 enim
640 650 753 678 deorum
769 650 831 678 fatis
845 651 874 677 in
889 650 991 677 mundo
1000 652 1124 686 evenire,
1140 658 1256 685 quorum
1277 651 1419 685 explorare
1433 650 1531 678 causas
1546 651 1624 683 velle,
1642 652 1764 686 quando-

150 686 260 720 quidem
279 686 330 720 ipsi
345 686 382 713 dii
399 686 506 721 ignotas
520 686 615 717 velint,
629 690 757 713 extremae
777 686 813 713 sit
832 686 983 721 dementia.
1000 684 1117 713 Proinde
1136 684 1215 713 orare
1235 693 1264 713 se
1279 684 1355 712 illum
1370 690 1451 721 atque
1475 686 1617 719 obtestari,
1639 684 1673 721 uti
1683 688 1763 714 ctiam

151 725 234 755 atque
256 722 339 748 etiam
360 720 451 748 secu'm
487 721 587 756 cogitet
611 725 693 755 atque
714 721 868 748 consideret
889 720 955 756 quid
976 721 1044 755 agit;
1066 725 1150 748 totam
1175 721 1219 748 hic
1236 721 1297 755 ejus
1313 720 1542 748 existimationem
1566 725 1647 756 atque
1663 720 1763 748 famam

170 756 298 792 ericlitari
312 766 318 783 :
338 764 389 792 nec
405 756 457 791 ipsi
468 761 580 792 tantum
594 763 654 792 eam
669 756 809 792 religionis
831 756 1021 788 mutationem,
1041 757 1089 784 sed
1108 757 1242 792 universae
1262 764 1371 792 quoque
1386 756 1578 792 Dionysiorum
1594 756 1666 792 genti
1682 761 1764 791 atque

159 791 260 818 'amilias
274 791 362 818 fraudi
377 791 444 819 fore.
461 791 545 824 Quasi
566 791 742 818 misereretur
757 791 810 823 sui,
827 798 1008 826 suorumque,
1020 799 1087 819 neve
1100 799 1148 826 per
1166 791 1377 826 imprudentiam
1396 791 1484 822 suam,
1505 796 1551 818 aut
1572 791 1762 822 temeritatem,

151 830 199 852 aut
213 826 367 857 stultitiam,
390 830 437 853 aut
452 827 534 853 etiam
556 826 720 860 impietatem
739 827 931 857 committeret,
945 830 975 852 ut
994 825 1091 854 domus
1100 825 1154 854 sua
1178 825 1258 853 modo
1278 831 1332 853 tam
1350 826 1460 858 florens,
1477 830 1531 853 tam
1552 826 1691 861 opulenta,
1709 831 1763 853 tam

149 860 253 888 honore
266 866 293 888 et
305 862 390 896 gloria
406 861 609 892 circumﬂuens,
621 865 648 888 et
663 869 769 895 semper
783 861 913 889 hactenus
928 861 956 888 in
972 862 1093 887 oumium
1110 869 1157 888 ore
1169 864 1195 888 et
1216 861 1295 889 laude
1307 865 1426 893 versata,
1443 869 1515 888 nunc
1530 860 1612 888 unius
1630 860 1764 896 supersti-

150 896 234 923 tionis
247 895 318 931 (quai
332 896 434 931 passim
451 895 622 931 exsibiletur)
639 897 741 957 gratia,
755 895 817 923 istis
832 896 959 923 omnibus
974 897 1084 927 nudata,
1101 897 1127 923 in
1147 896 1273 931 squalore
1296 901 1322 923 et
1342 896 1481 930 sordibus,
1503 896 1614 924 humilis
1629 900 1656 923 et
1666 895 1764 924 ’defor-

150 936 221 957 mata
246 932 341 957 iaceat.
357 932 479 957 nih'rlaue
503 931 614 957 pristini
657 931 747 957 ecoris
761 935 843 957 atque
862 932 1014 957 ornamenti
1035 932 1166 957 retineat:
1186 931 1234 957 sed
1257 931 1376 957 infamia:
1398 936 1480 957 atoue
1503 932 1668 957 ignominiaa
1684 931 1764 957 cuius

149 936 221 959 mata
242 932 341 966 jaceat,
357 931 614 967 nih'rlqueipristini
639 931 747 967 decoris
761 932 1014 967 atqueﬂornamenti
1035 932 1166 964 retineat;
1186 931 1234 959 sed
1257 931 1376 967 infamiae
1398 936 1480 966 atque
1503 932 1668 967 ignominiaa
1684 931 1764 966 cujus

148 969 205 993 tam
221 965 319 994 vixerit
338 965 468 994 hactenus
488 965 619 997 insolens,
633 966 679 992 ﬁat
692 965 819 993 obnoxia.
841 965 897 993 Nec
914 966 1061 1001 defuerunt
1080 967 1206 998 fortasse,
1221 966 1267 1001 qui
1282 967 1406 994 exsilium
1421 965 1448 994 ct
1463 965 1609 998 tormenta,
1628 972 1674 993 aut
1690 965 1764 994 mur-

147 1005 214 1037 tem,
228 1007 255 1029 et
277 1002 400 1029 Socratis
415 1001 528 1029 exitium
547 1001 575 1037 ei
588 1001 791 1037 denuntiarent.
812 1001 841 1028 Si
857 1000 929 1028 enim
946 1000 1064 1034 Socrati,
1086 1005 1142 1028 tam
1161 1000 1334 1037 philosopho,
1351 1001 1435 1029 Deum
1452 1009 1536 1028 unum
1550 1007 1576 1029 et
1591 1009 1700 1032 novum.
1716 1001 1763 1029 sed

147 1036 226 1063 illum
244 1041 335 1065 tamen
349 1044 497 1068 summum,
509 1039 537 1064 et
552 1036 586 1063 ab
602 1036 678 1064 hisce
693 1036 813 1064 miseriis
831 1036 1054 1069 remotissimum,
1070 1037 1209 1064 inducenti
1226 1045 1276 1063 nex
1293 1037 1373 1063 allata
1386 1037 1437 1070 sit;
1454 1037 1518 1071 quid
1531 1036 1564 1064 de
1578 1044 1610 1063 eo
1629 1037 1762 1068 futurum,

146 1072 195 1106 qui
208 1079 291 1099 unum
308 1071 567 1107 furciferumjnulla
586 1072 659 1107 enim
678 1076 737 1098 erat
754 1071 825 1106 apud
842 1071 968 1107 efferatos
984 1072 1080 1098 talium
1099 1072 1244 1107 verborum
1260 1071 1437 1107 parcitnonia)
1450 1078 1476 1099 et
1492 1072 1561 1099 inter
1577 1072 1698 1099 latrones
1714 1080 1764 1106 pa-

147 1105 292 1144 tibulatum
313 1107 455 1144 (38),_esse
469 1105 692 1144 Deuinedoceat,
707 1112 738 1144 iet
753 1105 802 1144 pro
818 1114 919 1144 magno
932 1105 1049 1134 Numine
1057 1106 1207 1144 _venditet‘i_
1214 1106 1334 1144 Denique
1349 1105 1438 1144 simile
1457 1114 1570 1142 prorsus
1593 1105 1764 1144 somnioi’vi-

146 1142 215 1175 deri,
233 1147 286 1168 tam
301 1141 439 1177 stupidqtm
453 1149 514 1169 esse
529 1141 647 1177 aliquem
662 1146 693 1177 et
707 1141 833 1173 bardum,
848 1142 895 1177 qui
913 1141 969 1169 haec
981 1144 1035 1168 tam
1056 1141 1225 1177 incredibilia
1245 1142 1286 1168 vcl
1306 1143 1469 1176 suspicetur,
1486 1149 1540 1169 non
1557 1142 1637 1169 modo
1651 1142 1762 1175 credat;

146 1178 213 1212 quid
228 1177 316 1204 virum
335 1175 464 1205 doctum?
483 1176 549 1211 quid
561 1175 770 1212 Areopagitam?
788 1175 862 1212 quid‘
871 1176 952 1211 primi
968 1177 1165 1212 illiusi'consilii
1180 1175 1399 1212 priueipemﬂta
1417 1177 1471 1204 fere
1490 1177 1546 1205 isti.
1559 1177 1665 1209 Quibus
1681 1185 1763 1212 quam

146 1211 284 1247 sapienter
300 1216 328 1240 et
347 1220 428 1247 quam
449 1212 556 1239 fortiter
574 1220 662 1239 novus
685 1211 911 1239 Christi’athleta
932 1211 1118 1246 responderit,
1141 1211 1213 1239 haud
1237 1212 1318 1246 paulo
1342 1212 1448 1239 facilius
1468 1217 1510 1239 est
1532 1213 1663 1247 cogitatu,
1680 1211 1763 1247 quam

145 1246 242 1275 dictu:
261 1246 367 1275 summa
388 1251 479 1274 tamen
495 1247 621 1282 responsi
644 1247 702 1273 haec
724 1246 795 1274 fuit:
812 1247 897 1274 Valde
920 1247 1024 1275 scilicet
1047 1247 1074 1273 in
1094 1246 1197 1274 Christi
1222 1254 1339 1281 persona
1363 1247 1396 1274 ab
1415 1247 1518 1282 ignaris
1536 1246 1696 1275 hominibus
1716 1251 1764 1274 aut

145 1283 229 1318 nimis
246 1283 366 1310 credulis
381 1282 514 1310 aberrari.
533 1281 602 1309 Nam
617 1282 706 1318 qualis
724 1282 807 1309 fuerit
821 1284 959 1317 magister,
974 1289 1029 1309 non
1045 1282 1270 1318 aliundeicertius
1284 1290 1365 1317 quam
1379 1281 1568 1318 exodiscipulis
1585 1290 1664 1318 posse
1680 1282 1761 1309 disci.

145 1317 267 1350 Quorum
283 1318 481 1352 discipulorum
497 1324 530 1345 ea
553 1318 588 1345 sit
605 1317 670 1348 vita,
691 1317 709 1343 ii
725 1325 826 1350 mores,
842 1321 871 1344 ut
893 1318 961 1345 nihil
976 1318 1115 1349 vitiosum,
1131 1317 1198 1344 nihil
1222 1317 1314 1349 fallax,
1329 1317 1396 1344 nihil
1413 1317 1530 1344 fucatum
1547 1317 1712 1352 deprehendi
1734 1318 1762 1344 in

145 1353 180 1380 iis
203 1354 305 1387 possit;
329 1353 456 1388 doctrina
479 1359 544 1380 vero
563 1357 619 1379 tam
641 1355 723 1388 rectae
744 1353 843 1379 rationi
864 1357 891 1380 et
906 1360 977 1380 verae
997 1352 1175 1388 philosophiae
1197 1357 1392 1385 consentanea,
1413 1355 1444 1379 ut
1466 1353 1534 1379 nihil
1563 1354 1660 1388 magis.
1677 1352 1763 1387 Cujus

143 1389 250 1424 scilicet
270 1389 382 1415 minime
395 1387 506 1415 dubiam
521 1388 663 1424 veritatem
679 1387 775 1424 ingens
794 1387 980 1422 prodigiorum
1000 1395 1058 1414 eam
1074 1387 1186 1424 ob_reui
1204 1391 1371 1424 patratorum
1389 1387 1467 1424 copia
1483 1387 1621 1424 evidenter
1636 1396 1763 1424 comprof

144 1423 217 1450 barit
238 1424 314 1458 (39):
331 1428 358 1451 et
381 1431 474 1450 eorum
492 1423 603 1457 quidem
620 1422 816 1458 prodigiorum,
830 1423 931 1457 quibus
954 1430 1009 1450 non
1021 1430 1091 1450 vana
1114 1422 1254 1449 hominum
1277 1422 1348 1449 fama
1372 1422 1493 1458 gloriave
1518 1423 1631 1450 collecta
1652 1423 1699 1455 sit,
1714 1423 1763 1450 scd

144 1457 332 1489 infirmorum,
353 1463 380 1485 ct
397 1458 542 1489 debilium,
563 1461 590 1484 et
614 1465 784 1489 mancorum,
801 1458 857 1485 imo
878 1463 905 1486 et
926 1462 1109 1489 mortuorum,
1126 1457 1240 1489 sanitas,
1254 1458 1319 1490 vita,
1343 1457 1417 1485 salus
1435 1461 1590 1492 procurata.
1613 1458 1654 1485 Ad
1673 1458 1762 1486 minas

144 1498 235 1520 autem
251 1494 292 1520 vel
313 1494 406 1520 auxilii
423 1494 466 1520 vel
483 1494 579 1520 mortis
587 1493 665 1529 quod
688 1493 812 1524 attineat,
828 1501 857 1520 se
872 1493 914 1521 vel
937 1493 1049 1520 Socrate
1066 1494 1126 1527 ipso
1151 1492 1281 1529 libentius
1305 1493 1512 1529 promptiusque
1530 1493 1641 1529 (quippe
1660 1498 1686 1521 et
1712 1502 1763 1528 pro

144 1501 235 1520 autem
251 1501 292 1520 vei
313 1501 406 1520 annm
423 1501 466 1520 vei
483 1501 579 1520 mortis
593 1501 665 1526 quou
688 1501 812 1524 attineat,
828 1501 857 1520 se
872 1501 914 1521 vet
937 1501 1049 1520 accrate
1066 1501 1126 1527 ipso
1151 1501 1281 1521 unenuus
1305 1501 1512 1554 promoiuusque
1530 1501 1641 1529 (quippe
1660 1501 1686 1521 et
1712 1502 1761 1528 pro

144 1529 249 1556 meliori
271 1528 366 1563 causa)
390 1529 565 1556 moriturum.
587 1527 678 1554 Vitam
691 1528 764 1555 enim
779 1535 850 1559 esse,
866 1537 920 1556 non
941 1532 1066 1560 mortem,
1085 1535 1135 1562 pro
1149 1527 1259 1556 Christo
1273 1528 1361 1563 imori.
1413 1536 1464 1555 anc
1481 1533 1605 1559 mortem,
1621 1529 1662 1555 vel
1679 1529 1761 1555 vitam

144 1564 246 1599 potius,
263 1562 390 1591 certatim
405 1571 420 1590 a
436 1563 601 1599 Christianis
620 1563 691 1597 peti,
712 1568 738 1590 et
754 1563 861 1590 avidius
875 1571 957 1599 quam
982 1564 1139 1599 thesaurum
1155 1563 1250 1598 qua-ri.
1271 1562 1327 1590 Nec
1342 1571 1413 1599 vero
1422 1563 1569 1598 Epicureos
1585 1567 1639 1590 tam
1657 1564 1762 1591 inhiare

144 1598 227 1634 atque
242 1599 386 1626 adhinnire
397 1598 606 1634 voluptatibus.
619 1606 701 1634 quam
717 1605 796 1634 veros
812 1606 843 1625 ac
858 1598 1002 1634 germanos
1017 1598 1118 1634 Christi
1141 1602 1290 1626 sectatores
1304 1606 1351 1634 eos
1372 1598 1591 1634 l‘efugerciatque
1609 1599 1760 1633 aspernari.

143 1633 212 1660 Nam
238 1641 293 1668 prae
312 1633 420 1661 cunctis
439 1638 466 1661 et
485 1633 670 1668 voluptatibus
686 1636 713 1660 et
729 1633 837 1661 deliciis
860 1633 978 1661 maximo
994 1633 1060 1668 ipsis
1079 1633 1107 1660 in
1128 1634 1216 1668 pretio
1233 1641 1294 1661 esse
1317 1633 1435 1665 labores,
1458 1633 1582 1664 sudores,
1600 1634 1716 1668 vigilias,
1735 1638 1762 1661 et

144 1667 313 1704 quaecunque
326 1669 407 1704 vulgo
424 1668 565 1695 hominum
582 1667 650 1695 dura
665 1672 692 1695 et
714 1675 810 1702 aspera
824 1672 851 1695 et
867 1667 1048 1696 intolerabilia
1064 1667 1233 1703 reputantur.
1253 1668 1329 1701 Quod
1351 1668 1472 1703 profecto
1488 1668 1552 1704 dum
1574 1667 1688 1700 faciunt,
1706 1677 1761 1696 non

143 1704 248 1731 vitiatae
264 1703 442 1738 infractaeque
457 1707 573 1735 naturae,
588 1706 616 1730 et
630 1703 662 1730 ad
679 1704 772 1730 mollia
795 1711 903 1738 semper
917 1704 1077 1731 inclinantis
1094 1704 1238 1736 instinctu,
1253 1704 1301 1731 sed
1319 1704 1425 1731 eximiae
1446 1703 1588 1738 cujusdam
1611 1704 1721 1731 virtutis
1735 1709 1763 1731 et

143 1739 251 1766 altioris
272 1739 417 1773 potestatis
436 1738 613 1770 adminiculo,
636 1738 663 1765 id
680 1746 709 1765 se
729 1742 857 1773 praestare
881 1738 1025 1766 manifeste
1040 1739 1168 1773 produnt.
1190 1738 1238 1766 llis
1253 1739 1334 1773 igitur
1349 1743 1375 1766 et
1390 1739 1489 1766 talihus
1506 1739 1597 1771 dictis,
1617 1739 1708 1773 qualia
1728 1747 1760 1766 ex

143 1773 221 1801 Pauli
242 1772 289 1810 ore
313 1773 461 1801 identidem
476 1781 564 1810 novus
580 1776 641 1808 tyro
658 1772 787 1810 audiebat
803 1775 877 1810 (nam
893 1774 926 1810 ad
944 1772 1065 1810 divinum
1083 1774 1143 1810 ejus
1158 1772 1289 1810 spiritum
1309 1775 1427 1810 animam
1443 1782 1519 1801 suam
1536 1772 1761 1810 agglutinaverat)

143 1818 199 1836 non
216 1809 296 1836 modo
313 1810 346 1835 ah
366 1808 529 1842 importunis
551 1816 646 1844 eorum
667 1808 890 1843 aggressionibus
912 1809 982 1837 belle
1001 1817 1031 1836 se
1044 1809 1212 1843 expediebat,
1228 1809 1275 1836 sed
1289 1809 1370 1836 etiam
1395 1810 1541 1836 nonnullus
1553 1808 1608 1844 qua
1622 1812 1648 1836 vi
1674 1808 1761 1835 ratio;

143 1853 221 1877 num,
236 1851 289 1879 qua
313 1844 485 1870 auctoritatis
509 1843 628 1878 pondere
648 1844 675 1870 in
697 1851 763 1871 suas
784 1847 886 1878 partes,
910 1852 966 1871 non
989 1852 1069 1872 secus
1090 1852 1122 1871 ac
1143 1843 1245 1871 ferrum
1272 1851 1393 1879 magnes,
1414 1844 1590 1878 pertrahebat
1605 1854 1610 1871 :
1628 1844 1761 1879 quosdam

142 1888 218 1911 vero,
236 1887 305 1915 quos
327 1880 451 1906 evincere
474 1879 626 1915 obstinatos
648 1879 760 1905 omnino
783 1887 839 1915 non
861 1883 984 1914 poterat,
1004 1880 1100 1906 saltem
1120 1879 1414 1915 labefactatisieorumi
1427 1880 1558 1907 arietibus
1576 1887 1608 1905 ac
1627 1879 1762 1906 machinis

142 1916 182 1942 ita
199 1912 412 1950 quatefaciebat,
434 1918 463 1941 ut
483 1915 541 1950 suis
561 1914 714 1950 inciperent
736 1912 935 1942 munitionibus
956 1920 1047 1950 atque
1060 1912 1204 1950 momentis
1226 1913 1365 1950 diffidere:
1380 1914 1450 1941 alios
1474 1915 1591 1949 denique
1615 1922 1664 1941 sua
1688 1922 1760 1949 prae-

143 1949 262 1978 l'ractius
284 1949 505 1983 obstinatiusque
522 1949 710 1985 defendentes,
727 1957 809 1984 quam
828 1950 918 1977 aliena
938 1949 1085 1985 patientius
1103 1949 1266 1984 faciliusque
1287 1949 1457 1981 sufferentes,
1480 1950 1518 1976 ita
1537 1950 1712 1981 absolvebat,
1731 1954 1761 1976 ut

142 1986 337 2020 intelligerent,
355 1985 409 2012 nisi
431 1992 496 2011 suas
512 1984 719 2020 accommodare
733 1992 822 2020 aures
847 1984 1017 2020 sapientibus
1033 1984 1115 2012 dictis
1135 1985 1258 2015 mallent,
1273 1991 1354 2019 quam
1374 1984 1490 2016 alienas,
1513 1985 1630 2019 arreptis
1643 1992 1666 2020 ei
1679 1985 1761 2012 trivio

142 2019 306 2053 maledictis,
323 2020 484 2051 obtundere,
502 2019 570 2046 nihil
588 2027 649 2047 esse
663 2027 713 2046 cur
724 2019 833 2046 domum
849 2028 926 2047 suam
940 2019 1121 2052 venditarent,
1135 2024 1182 2046 aut
1195 2027 1370 2054 congressum
1382 2023 1503 2053 peterent
1517 2029 1522 2046 :
1538 2019 1669 2054 quidquid
1687 2020 1760 2047 enim

143 2060 266 2090 agerent,
279 2059 390 2082 acturos
404 2055 518 2086 frustra,
533 2054 635 2082 frustra
649 2054 830 2082 laboraturos.
846 2055 914 2082 Cum
929 2059 1019 2082 autem
1033 2059 1126 2082 essent
1139 2062 1195 2081 non
1209 2055 1298 2090 pauci,
1312 2055 1359 2089 qui
1373 2057 1440 2086 toto,
1460 2055 1531 2090 quod
1547 2055 1634 2086 aiunt,
1651 2058 1760 2089 pectore

143 2064 158 2082 3
179 2064 266 2087 erent,
279 2064 390 2082 aClUl‘OS
404 2064 518 2086 lrustra,
533 2064 635 2082 ll'USH'a
649 2064 830 2082 lﬂDOl‘ﬂtUrOS.
846 2064 914 2082 Cum
929 2064 1019 2082 autem
1033 2064 1126 2082 essent
1140 2064 1195 2081 non
1209 2064 1298 2090 anCl,
1312 2064 1359 2089 qu
1374 2064 1440 2086 ιυιυ,
1460 2064 1531 2090 (μιου
1547 2064 1634 2086 aiunt,
1651 2064 1759 2089 pectore

143 2064 275 2118 agversus
292 2098 354 2118 eum
368 2090 567 2122 obniterentur,
589 2090 681 2117 nullus
696 2093 786 2116 tamen
809 2090 859 2117 l‘uit
874 2098 907 2117 ex
927 2091 1065 2122 omnibus,
1080 2090 1126 2125 qui
1141 2090 1202 2124 plus
1218 2090 1385 2117 lacessiverit
1406 2090 1518 2124 negotii,
1534 2098 1614 2125 quam
1629 2090 1675 2124 qui
1692 2090 1759 2116 alias

142 2134 215 2153 unus
227 2131 285 2153 erat
301 2134 335 2153 ex
350 2125 478 2153 omnibus
495 2126 573 2159 longe
591 2125 771 2152 charissimus
786 2129 813 2152 et
827 2125 1067 2156 familiarissimus,
1080 2133 1177 2159 nempe
1191 2132 1205 2151 a
1221 2126 1307 2159 prima
1320 2129 1398 2151 aetate
1412 2125 1524 2156 sodalis,
1539 2129 1566 2152 et
1580 2125 1760 2159 injuventute

143 2161 392 2196 peregrinationum
408 2161 510 2191 socius.
523 2164 551 2187 et
565 2168 618 2187 uno
633 2160 726 2191 verbo,
740 2161 811 2196 alter
821 2161 889 2195 ipse,
902 2161 1103 2195 Apollophanes
1117 2169 1122 2187 :
1141 2160 1221 2196 idem
1232 2160 1341 2194 inquam
1357 2160 1411 2196 ille,
1427 2160 1472 2194 qui
1488 2164 1523 2196 ut
1537 2160 1659 2196 moribus
1678 2160 1759 2187 simul

111 2209 116 2213 -
142 2194 170 2223 et
187 2194 285 2224 studiis
308 2196 406 2222 artium
430 2196 683 2230 conjunctissimus,
696 2200 722 2222 et
738 2196 764 2221 in
780 2194 898 2231 A‘Igypto
920 2194 1134 2225 contubernalis,
1158 2195 1457 2231 celeberrirnam'iillam
1475 2195 1541 2222 solis
1554 2194 1757 2231 .dcfeictiouem,

142 2239 206 2258 cum
226 2230 357 2266 Heliopoli
379 2238 434 2257 una
455 2234 558 2262 essent,
581 2231 662 2257 simul
684 2234 837 2261 notaverat,
860 2231 941 2258 simul
956 2231 1156 2266 exploraverat,
1181 2230 1228 2256 sed
1248 2238 1301 2256 non
1325 2230 1437 2266 perinde
1462 2231 1489 2256 in
1512 2238 1560 2256 cor
1582 2230 1758 2266 animumque

142 2267 301 2294 demiserat.
317 2267 343 2294 Is
365 2266 447 2301 igitur
470 2266 574 2293 nullum
590 2274 643 2292 non
660 2266 743 2292 movit
760 2266 888 2300 lapidem,
902 2274 957 2300 quo
978 2266 1103 2292 intimum
1119 2273 1199 2293 suum
1223 2266 1340 2292 amicum
1355 2265 1388 2291 de
1403 2269 1529 2301 suscepta
1545 2273 1614 2301 nova
1628 2265 1759 2301 religione

142 2302 314 2329 deturbaret.
329 2299 484 2328 Hic‘autem
498 2302 664 2328 e'contrario
677 2301 735 2328 dies
749 2299 898 2336 noctesque
911 2299 946 2328 de
961 2301 1007 2328 illo
1023 2301 1051 2328 in
1069 2308 1146 2328 suam
1160 2301 1322 2336 sententiam
1331 2299 1497 2336 attrahenda
1513 2300 1757 2336 cogitaresAdibat

141 2341 170 2364 et
184 2337 310 2364 audiebat
331 2337 398 2364 alter
411 2337 527 2363 alterum
547 2343 579 2363 eo
600 2336 729 2363 libentius
749 2343 781 2362 ac
803 2334 960 2370 patientius,
978 2344 1032 2370 quo
1046 2336 1153 2370 utrique
1173 2335 1278 2362 avidior
1293 2335 1401 2361 animus
1414 2339 1473 2362 erat
1494 2339 1520 2361 ct
1536 2335 1602 2362 socii
1615 2334 1755 2362 evincendi

142 2372 250 2407 sibique
273 2371 450 2407 adjungendi,
468 2376 496 2398 et
518 2372 617 2399 veteris
630 2371 760 2407 amicitiae
782 2371 940 2399 retinendis.
962 2371 1015 2398 Sed
1038 2379 1100 2407 cum
1118 2370 1201 2405 [‘29
1219 2374 1330 2407 mutuae
1346 2371 1518 2407 accessiones
1541 2377 1648 2404 semper
1671 2370 1756 2404 plena:

142 2405 245 2435 amoris
259 2405 371 2439 esséut,’
379 2411 469 2433 tamen
481 2407 607 2433 maeroris
628 2406 772 2441 luctusque
791 2412 870 2434 erant
884 2414 964 2441 quam
988 2406 1203 2434 confertissiman.
1218 2405 1285 2432 Nam
1307 2405 1342 2432 ob
1362 2412 1425 2441 spes
1441 2406 1576 2441 utrimque
1598 2407 1754 2437 frustratas,

141 2450 198 2477 quo
221 2442 309 2477 major
329 2438 358 2469 in
379 2442 503 2477 ingressu
518 2449 596 2468 amor
614 2449 643 2477 se
660 2438 838 2476 expli‘cuerat,
861 2438 910 2468 ho'c
936 2443 1040 2477 tristior
1056 2441 1085 2468 in
1099 2441 1223 2476 digressu
1238 2445 1343 2477 amator
1357 2438 1643 2477 succedebat.’Levius
1664 2444 1755 2477 tamen

141 2474 169 2503 e't
185 2474 342 2512 patientius,
363 2474 547 2511 quodcunque
567 2476 650 2512 istud
665 2474 724 2503 erat
741 2477 882 2508 molestiae,
906 2476 1009 2504 ferebat
1023 2474 1190 2511 Dionysius:
1207 2474 1403 2512 quippeilfauili
1424 2480 1451 2512 et
1472 2475 1608 2502 Hierothei
1629 2476 1755 2512 consolav

142 2510 263 2539 tionibus
282 2510 462 2544 sustentatus,
485 2510 540 2538 imo
560 2514 587 2538 et
600 2511 706 2538 caelesti
727 2512 801 2538 intus
821 2512 917 2547 gratia,
934 2512 1085 2546 praesertim
1096 2510 1117 2537 Va
1133 2515 1262 2546 suscepto
1287 2511 1450 2538 iuitiationis
1473 2514 1653 2542 sacramento,
1674 2510 1755 2547 rubo-

142 2551 220 2574 ratus
236 2557 241 2573 :
259 2551 287 2573 at
301 2555 365 2574 vero
380 2547 582 2581 Apollophanes
597 2547 687 2581 (quem
700 2550 727 2574 et
741 2547 794 2573 ista
813 2547 974 2574 deficiebant
991 2555 1006 2574 e
1023 2546 1093 2574 coelo
1107 2546 1243 2581 pmsidia,
1264 2550 1291 2574 et
1306 2554 1386 2581 quem
1406 2553 1454 2573 sua
1477 2547 1588 2579 insuper
1608 2546 1755 2581 conturba-

141 2583 200 2613 bat,
224 2582 351 2616 intusque
364 2580 500 2617 agitabat,
521 2582 592 2608 sicut
602 2580 690 2616 prava
704 2585 730 2608 et
744 2590 883 2617 perversa,
903 2582 943 2609 sic
959 2580 1120 2617 perantiqua
1140 2585 1168 2609 et
1186 2581 1267 2608 nimis
1287 2582 1435 2608 inveterata
1449 2581 1482 2608 de
1503 2581 1556 2617 diis
1571 2581 1628 2607 suis
1650 2580 1753 2615 opinio)

140 2617 283 2644 continere
300 2615 330 2644 se
345 2615 489 2644 interdum
500 2624 554 2642 non
572 2615 688 2652 poterat,
707 2615 773 2651 quin
789 2625 885 2652 graves
906 2618 934 2644 in
949 2615 1004 2644 iras
1019 2615 1100 2652 atque
1118 2617 1233 2652 injurias
1248 2617 1434 2644 vehementius
1452 2615 1654 2652 exardesceret,
1671 2620 1754 2652 atque

140 2661 175 2681 eo
195 2659 391 2687 nonnunquam
413 2659 500 2685 usque
519 2650 738 2686 progrederetur,
761 2650 896 2679 ut‘multis
916 2650 1089 2687 indignisque
1109 2650 1164 2679 tam
1185 2651 1335 2683 Christum,
1353 2659 1433 2686 quam
1457 2651 1582 2687 Paulum,
1598 2651 1671 2677 velut
1685 2650 1752 2687 tanti

140 2688 207 2715 mali
225 2685 363 2719 auctores,
378 2686 510 2713 conviciis
523 2690 549 2713 et
562 2687 796 2715 exsecrationibus
810 2693 950 2721 oneraret;
966 2685 1021 2714 into
1035 2685 1191 2722 utrumque,
1206 2690 1236 2713 ut
1255 2687 1328 2722 millc
1344 2685 1481 2717 crucibus,
1497 2686 1569 2722 mille
1584 2685 1752 2712 cruciatibus

141 2723 345 2758 dignissimum,
366 2722 434 2750 diris
453 2722 579 2758 omnibus
594 2722 747 2749 devoveret.
763 2723 873 2758 Nempe,
887 2724 925 2750 uti
944 2724 1040 2750 acerbe
1056 2721 1205 2749 inl'reiiiens
1219 2721 1308 2758 aiebat
1322 2722 1389 2748 nihil
1406 2729 1525 2758 unquam
1539 2721 1626 2758 visum
1643 2725 1750 2758 tetruIS.

141 2756 210 2785 nihil
226 2758 348 2785 auditum
365 2757 570 2790 exsecrabilius,
584 2764 665 2793 quam
686 2758 721 2784 ob
737 2756 924 2793 nescio'quam
945 2759 1074 2785 novitiam
1096 2758 1192 2792 legem,
1206 2764 1258 2784 nec
1278 2757 1374 2792 legem,
1390 2761 1416 2784 et
1430 2758 1465 2783 ob
1478 2757 1558 2782 unius
1581 2756 1707 2793 vilissimi
1726 2760 1752 2793 ct

141 2794 368 2821 facinorosissimi
383 2793 469 2820 Juda:i
482 2793 552 2829 (qua:
563 2790 672 2829 effrenis
685 2797 744 2819 erat
758 2793 844 2828 ipsius
852 2790 888 2821 ἐι
907 2794 1056 2829 multorum
1067 2790 1266 2829 maledicentia)
1280 2790 1473 2829 simulatamet
1490 2790 1752 2829 arrogataiudivini:

140 2833 224 2856 tatem
241 2829 287 2858 (ob
301 2837 382 2864 quam
401 2825 492 2855 tamen
501 2825 811 2865 dignissilnapcena—in
827 2829 935 2856 sublimi
956 2828 1139 2865 pependisset)
1160 2827 1226 2865 deos
1241 2825 1358 2865 optimos
1373 2826 1517 2865 maximos.
1532 2829 1613 2859 atque
1625 2825 1661 2864 ab
1679 2825 1753 2865 omni

141 2868 278 2892 vetustate
298 2862 397 2896 cultos,
422 2862 569 2896 contemni,
594 2863 768 2890 sanctissima
788 2867 815 2890 et
840 2862 1033 2898 augustissima
1057 2864 1157 2898 templa
1172 2863 1272 2899 deseri,
1291 2862 1497 2899 antiquissimas
1519 2862 1755 2899 casrernouias__ri-

142 2904 240 2936 tutique
256 2900 365 2936 negligi,
380 2895 488 2928 Omnem
506 2899 623 2934 denique
640 2905 781 2927 sacrorum
806 2895 963 2936 religionem
984 2907 1014 2927 ac
1034 2895 1161 2934 pietatem
1184 2898 1213 2925 in
1236 2905 1337 2926 sanitas
1358 2895 1529 2930 ludibriaque
1544 2895 1675 2923 converti.
1691 2895 1756 2928 Quae
