1935 3094
171 173 224 200 ῗέςῧ

750 172 777 198 5.
799 171 946 198 DiON‘YSH
968 171 1196 198 AREOI'AGITAZ

1731 173 1782 202 753

172 236 219 259 ter.
229 235 254 257 et
274 229 365 256 Petrus
383 238 530 264 supremum
547 235 571 256 et
585 228 835 264 unerubtlissimunt
852 228 951 255 tlwolo—
967 235 987 259 Α
1003 233 1082 255 terat.
1096 229 1162 255 Nam
1173 229 1255 255 etiam
1270 230 1295 256 itt
1307 229 1397 256 ludam
1412 229 1611 263 pra-dicaverat,
1624 236 1677 263 quo
1691 233 1781 255 tamn-tt

171 273 265 299 garum
280 265 416 296 columen;
433 264 505 298 quod
517 265 555 294 hi,
569 265 690 299 inquam,
703 263 752 290 soli
765 264 950 299 nominentur,

172 308 226 326 non
242 301 332 327 obstat
352 300 417 333 quin
434 304 460 326 et
477 300 522 325 alii
543 298 679 326 adfuerint
696 302 760 329 [non
772 298 843 324 enim
859 299 951 325 exclu-

172 335 295 369 duntur).
322 335 368 362 sed
393 335 418 361 hi
444 339 547 360 tantum
562 342 576 359 a
593 333 732 368 Dionysio,
753 337 880 366 tanquam
904 334 951 368 qui

172 374 237 396 tunc
261 370 388 404 pnecipui
413 369 482 395 inter
505 369 640 404 apostolos
650 373 755 404 _essent
781 368 899 395 nominis
924 373 951 395 et

171 402 352 435 auctoritatis;
369 404 553 431 nominantur.
571 403 636 429 Nam
650 402 747 429 Petrus
758 408 816 430 erat
829 404 950 430 omnium

171 444 263 473 caput.
280 439 397 466 Jacobus
413 443 503 465 autent
522 438 596 465 urbis
613 437 860 473 lliernsolymorum
880 442 951 472 (quae

172 471 284 502 urbibus
301 475 426 500 munibus
442 473 597 502 antistabat,
609 479 635 498 et
645 471 764 499 Iudaica:
776 472 862 507 gentis
874 471 949 506 prin-

171 516 235 542 ceps
251 509 417 535 domicilium
437 512 505 541 erat)
523 508 637 535 antistes
652 515 667 534 a
684 508 795 542 collegis
812 508 869 535 suis
885 517 950 535 con—

171 544 294 575 stitutus,
317 544 362 577 qui
386 544 465 570 etiam
483 543 655 569 abstinentia:
668 547 695 569 et
712 543 872 570 austerioris
890 544 950 570 vita:

171 586 253 605 causa
276 579 341 613 ipsis
360 578 420 613 fidei
438 581 536 605 nostra:
558 578 680 605 hostibus
697 581 755 605 erat
774 579 947 605 reverendus.

170 614 248 645 Quod
275 612 340 640 vero
370 612 490 639 Joannes
519 613 685 647 evangelista
715 613 871 639 nominatus
895 621 948 640 non

170 648 261 679 fuerit,
277 656 358 675 causa
376 649 403 674 in
438 652 562 682 promptu
593 651 645 678 cst,
663 648 735 682 quod
750 647 784 674 de
802 647 862 681 ejus
879 656 948 682 pne-

170 683 257 709 sentia
271 687 362 717 utpote
379 682 480 717 Virgini
493 690 599 717 semper
615 682 779 714 assistentis,
798 683 871 709 nulla
889 684 949 710 sub-

169 718 235 744 oriri
262 722 352 752 posset
375 717 517 744 dubitatio.
545 717 600 744 lino
622 717 650 744 S.
671 717 760 744 Maria:
784 717 948 745 catltedralis

168 752 483 783 ecclesia_Tornacensis
498 753 628 788 gloriatur
641 760 670 779 se
684 753 785 788 habere
799 752 832 779 de
849 753 946 786 palma,

167 796 248 820 quant
265 792 375 815 sanctus
391 786 557 823 evangelista
577 788 759 823 etwapostulus
773 786 890 823 Joannes
905 789 949 814 de-

169 823 271 858 ferebat
296 823 439 858 praeeundo
455 822 481 849 in
498 822 636 856 exsequiis
654 823 682 849 S.
700 822 790 858 Mariti:
818 822 947 856 Deiparm.

169 856 303 892 Sicinini
317 863 359 885 est
375 858 402 884 in
420 857 695 892 Hierogazopbyliaco
713 857 819 891 Belgica
835 857 946 885 Arnoldi

167 894 201 919 de
216 891 320 919 Raisse.
339 894 409 925 Quin
425 897 452 920 et
469 891 657 920 Messanen’ses
674 893 700 918 in
720 893 812 919 sicilia
828 891 944 919 frustum

168 928 276 961 aliquod
293 928 413 962 ejusdem
431 929 526 961 palma:
542 928 569 954 in
585 927 707 962 principe
732 927 830 961 templo
854 936 945 954 asser.

166 968 240 989 vant.
260 962 325 990 Vide
342 968 401 997 post
417 962 556 990 Francisci
570 961 715 997 Maurolyci
730 962 835 989 abbatis
848 961 946 990 Messa-

166 998 259 1033 tteusis
286 998 504 1033 lllartyrologium
523 997 656 1033 adjuncta
676 997 857 1033 Reliquiarnm
875 997 942 1024 loca.

166 1033 204 1058 Ad
224 1032 335 1059 Paulum
353 1032 442 1060 aittcni
458 1032 530 1066 quod
547 1033 653 1064 attinet,
671 1032 728 1059 sive
748 1032 866 1058 adfuerit
889 1033 945 1059 sive

166 1067 293 1100 abfuerit,
307 1068 374 1094 nihil
393 1068 479 1094 fraudi
495 1072 537 1094 est
552 1067 643 1095 verbis
656 1066 787 1102 Dionysii,
806 1067 851 1101 qui
869 1075 945 1094 men-

165 1102 265 1129 tionem
281 1103 339 1137 ejus
351 1111 404 1129 non
422 1102 485 1129 facit
498 1111 504 1134 ;
517 1103 563 1129 sed
576 1109 662 1137 neque
677 1101 821 1129 assertioni
837 1101 943 1128 illorum

164 1138 210 1170 qui
234 1138 328 1164 dicunt
355 1145 449 1164 omnes
472 1137 605 1170 adfuisse;
623 1137 840 1172 qttandoqnidem
869 1145 944 1164 ntere

166 1173 271 1206 vulgari
298 1174 452 1207 loquantur,
466 1176 494 1199 ut
514 1172 605 1199 dicant
620 1180 714 1199 outnes
729 1180 778 1206 pro
795 1175 870 1206 parte
888 1180 945 1199 ina-

165 1207 248 1239 xiuia,
264 1214 290 1234 et
306 1216 355 1242 pro
373 1208 405 1234 iis
420 1208 465 1242 qui
483 1207 624 1234 commode
640 1207 735 1234 adesse
755 1207 902 1242 potuerint,
918 1213 944 1234 et

163 1250 234 1276 quos
247 1242 318 1270 Deus
334 1244 358 1270 ei
373 1243 515 1270 consessui
531 1242 716 1270 destinaverit.

200 1277 265 1304 Nam
277 1277 357 1305 iidem
370 1278 420 1312 ipsi
431 1279 475 1312 qui
487 1279 582 1305 dicunt
596 1284 690 1304 ontnes
701 1276 830 1308 adfuisse,
847 1280 941 1311 postea

164 1313 313 1347 subjiciunt
335 1314 455 1340 defuisse
481 1312 612 1339 Thomam
623 1331 630 1343 ,
647 1319 678 1338 ac
695 1312 865 1348 triduorpost
882 1316 943 1338 latt-

163 1352 220 1373 tum
239 1348 398 1375 advenisse:
412 1355 461 1375 nec
477 1349 536 1375 sine
552 1347 643 1374 divino
661 1347 769 1381 quidem
792 1347 818 1372 id
842 1347 942 1373 lactant

163 1382 278 1409 consilio
300 1383 405 1415 dicunt,
428 1390 523 1417 nempe
546 1386 575 1409 ut
600 1382 670 1408 idem
697 1381 791 1409 Matris
817 1381 944 1416 probaret

164 1419 387 1452 assutnplionem,
405 1418 451 1452 qui
475 1417 536 1444 Filii
561 1417 752 1452 comprobarat
767 1417 944 1444 resurrectio-

164 1459 236 1479 nem.
257 1453 308 1480 Sed
324 1452 488 1480 Frauciscus
505 1452 637 1484 Bivarius,
651 1452 714 1478 dum
733 1452 814 1479 nimis
832 1452 941 1482 insistit,

165 1491 193 1513 ut
209 1487 329 1515 defuisse
345 1488 391 1515 isti
410 1488 593 1523 apostolorum
609 1488 690 1523 uetiti
706 1486 819 1513 Paulum
836 1487 941 1521 probet,

163 1523 343 1557 ostendatque
364 1522 560 1558 non’potuisse
584 1530 645 1550 esse
662 1522 855 1556 Hierosolymis
871 1529 943 1558 attito

162 1557 262 1584 Christi
274 1558 499 1593 quinquagesimo
512 1562 619 1588 octavo.
629 1558 655 1583 iti
672 1557 764 1593 multis
774 1561 860 1593 errat.
874 1557 941 1583 Nam

165 1597 200 1618 ita
216 1594 309 1620 Scribit
324 1602 329 1620 :
347 1603 356 1618 ‹
372 1593 466 1620 Adhuc
480 1598 568 1620 autent
584 1592 650 1619 mibi
663 1592 768 1619 dillicile
780 1592 805 1618 id
820 1592 941 1625 videtur;

163 1628 291 1663 quoniam
319 1636 390 1654 attito
415 1628 640 1663 quinquagesimo
665 1627 781 1662 septimo
806 1627 862 1663 (qui
891 1627 941 1653 fuit

163 1661 278 1689 Neronis
304 1661 451 1696 secundus,
469 1661 548 1690 teste
564 1661 728 1697 Hieronymo
754 1663 799 1689 lib.
819 1661 856 1688 De
873 1663 941 1688 scri-

161 1697 279 1731 ptoribus
298 1697 431 1731 Ecclesiw,
451 1697 544 1733 Paulo)
562 1697 663 1725 Paulus
688 1697 809 1732 pervenit
834 1697 941 1724 vinctus

163 1733 286 1765 ltontam,
304 1733 350 1759 ubi
368 1733 467 1761 mansit
483 1733 592 1760 biennio
611 1737 668 1759 toto
682 1734 708 1758 in
726 1740 776 1760 suo
793 1733 939 1765 cottducto,

161 1767 222 1794 Art.
242 1768 346 1794 ultimo.
363 1767 438 1796 Unde
450 1776 521 1794 anno
535 1768 760 1802 quinquagesimo
773 1771 869 1794 octavo
886 1775 941 1794 non

163 1805 250 1839 potuit
277 1802 472 1839 Hierosolymis
494 1803 619 1830 adesse.»
641 1802 685 1829 Sic
706 1802 760 1839 ille.
783 1802 861 1834 Quod
877 1810 941 1839 ergo

161 1838 310 1869 existimat,
329 1838 429 1865 annum
454 1838 556 1865 Christi
578 1838 833 1872 quinquagesimum
857 1838 927 1872 septi

162 1880 235 1899 mum
252 1881 311 1900 esse
328 1874 476 1900 secunduttt
492 1872 616 1904 Neronis,
641 1878 733 1906 aperte
750 1872 870 1899 fallitur:
884 1880 939 1899 non

161 1907 234 1934 enittt
257 1907 498 1943 quinquagesimus
517 1910 663 1943 septimus,
682 1907 728 1934 sed
746 1907 941 1943 quinquagen-

163 1951 223 1969 utus
246 1947 359 1970 ortavus
383 1942 425 1971 est
447 1943 584 1970 secundus
609 1942 734 1972 Neronis,
752 1946 781 1968 ut
804 1942 888 1976 liquet
907 1950 938 1969 ex

162 1977 271 2004 Eusebii
281 1978 448 2006 Chronicoet
457 1978 689 2005 Demonstratione
698 1976 819 2003 Pontaci.
828 1977 939 2009 Deinde,

163 2013 233 2046 quod
259 2013 292 2039 ad
320 2014 486 2047 probandum
507 2013 666 2048 pervenisse
684 2011 797 2048 Paulum
826 2011 940 2038 Romam

162 2056 234 2074 :nuto
245 2046 364 2075 secundo
376 2046 604 2081 Neronisptestem
617 2047 725 2074 adducit
736 2046 939 2082 Hieronymum.

163 2090 259 2110 rursus
277 2083 388 2110 fallitur.
405 2083 463 2110 Non
480 2083 552 2110 enim
569 2082 635 2110 dicit
651 2082 832 2116 Hieronymus
853 2089 941 2116 perve-

162 2117 246 2146 νήπιε,
265 2118 311 2145 sed
331 2122 435 2145 tantum
451 2117 534 2149 ω
548 2118 656 2144 missum
671 2125 736 2144 esse.
754 2111 881 2149 Romani,
899 2117 941 2143 in-

161 2152 229 2185 quit,
247 2154 347 2180 vinctus
362 2151 596 2187 mutaui—Itaque
614 2153 660 2179 illo
683 2160 755 2179 antto
771 2155 830 2187 erat
846 2151 941 2179 Hiero-

162 2188 284 2223 solymis.
296 2188 397 2216 Deittde
412 2189 491 2223 paulo
506 2186 567 2222 post
582 2188 609 2214 in
625 2186 854 2214 accommodanda
870 2188 941 2223 ejus-

161 2222 221 2258 dem
239 2222 313 2250 l’auli
327 2222 466 2258 prophetia
477 2231 529 2250 noti
546 2231 639 2258 parum
653 2222 802 2258 aberravit,
814 2222 854 2258 si_c
868 2222 939 2249 enim

1000 264 1056 297 jam
1075 265 1247 298 properabat,
1262 269 1289 290 et
1302 264 1361 291 sine
1377 264 1459 290 dubio
1470 264 1531 291 aliis
1544 272 1652 298 quoque
1670 264 1696 290 in
1713 264 1782 291 locis

1002 299 1072 325 inter
1093 298 1224 330 ledaeam,
1240 304 1266 326 et
1281 299 1371 326 Asiam
1389 299 1495 326 mediis.
1517 299 1616 326 Deinde
1635 306 1730 326 rursus
1747 307 1779 328 ex

1001 332 1093 360 Iudaea
1116 334 1229 360 Romam
1246 342 1333 368 usque
1348 337 1407 360 erat
1424 334 1597 368 profecturus
1611 344 1617 360 :
1630 341 1664 360 an
1683 334 1708 360 in
1724 337 1780 360 toto

1001 368 1048 395 illo
1062 373 1088 395 et
1105 373 1158 395 tam
1177 369 1256 403 longo
1274 370 1370 395 itinere
1394 370 1466 395 nulla
1487 370 1550 395 urbs
1567 373 1634 395 erat.
1653 369 1697 395 ubi
1718 376 1780 395 ante

1001 404 1293 438 praedicassethieque
1320 404 1370 430 hoc
1392 404 1469 431 satis.
1495 403 1579 431 Roma
1603 403 1685 430 etiam
1712 403 1781 430 liber

1000 438 1130 465 dimissus
1141 447 1155 464 a
1171 438 1287 471 Nerone,
1299 438 1332 465 ad
1347 439 1546 473 pratdiraudmn
1563 439 1715 473 ubicunque
1732 447 1780 465 vo-

1001 473 1049 499 luit
1066 473 1248 508 Evangelium.
1265 482 1350 501 annos
1364 475 1518 507 complures
1531 474 1607 506 abiit,
1619 478 1646 500 et
1656 473 1778 508 quidem,

1000 508 1060 542 ipso
1074 513 1143 536 teste
1157 508 1264 535 Bivario
1279 513 1359 543 atque
1374 508 1526 544 defensore.
1544 509 1626 534 cliattt
1638 509 1665 544 in
1680 508 1779 542 Hispa-

1000 551 1071 569 niam
1096 543 1232 577 profectus
1257 548 1299 570 est
1315 554 1321 571 :
1339 543 1417 578 quod
1435 552 1484 578 ego
1509 543 1546 578 illi
1572 544 1716 570 assentior.
1736 543 1778 570 An

1000 579 1092 605 nullus
1110 579 1192 613 igitur
1207 579 1320 612 interea,
1333 587 1386 605 non
1403 577 1492 605 dicam
1507 586 1521 605 e
1532 577 1634 605 Judzeis
1649 578 1779 605 antiit-:1:-

999 613 1056 645 cis,
1079 615 1124 640 sed
1143 621 1174 640 ex
1192 614 1310 646 Asianis,
1326 614 1425 648 quibus
1442 618 1498 641 tuin
1516 613 1698 644 valedicebat,
1717 614 1778 647 ejus

1000 647 1095 683 faciem
1119 648 1202 675 Vidit?
1217 649 1308 675 nullus
1325 647 1357 674 ad
1382 656 1459 681 eum,
1476 656 1524 675 seu
1542 649 1568 674 in
1588 648 1710 683 Syriam,
1728 656 1778 676 seu

999 683 1025 722 in
1050 682 1216 722 H:spania_t_n,
1233 691 1282 710 seu
1308 685 1334 710 in
1359 683 1473 722 Italiam,
1491 691 1537 710 seu
1556 682 1619 715 alio,
1638 683 1682 709 ubi
1706 689 1775 722 eratZ

999 718 1059 752 ejus
1087 718 1190 744 visendi
1215 723 1262 744 aut
1289 718 1465 745 conveniendi
1491 725 1572 745 causa
1595 727 1623 745 se
1645 719 1779 745 contulit?

999 753 1090 779 nullus
1111 761 1272 788 quacunque
1288 761 1321 779 ex
1337 753 1486 780 occasione
1504 753 1530 779 in
1554 761 1597 788 ea,
1610 753 1667 780 loca
1687 756 1763 787 proie

998 792 1070 819 ctus,
1087 788 1131 813 ubi
1149 787 1248 815 Paulus
1258 792 1326 818 erat.
1343 789 1369 814 itt
1383 795 1443 814 eum
1460 788 1570 814 incidit?
1588 787 1640 815 Res
1652 793 1693 815 est
1710 796 1778 815 sane

998 823 1103 858 credilu
1117 824 1289 858 perdifﬁcilis.
1309 822 1385 858 Quid
1395 823 1487 858 igitur,
1504 823 1621 857 inquies,
1640 823 1699 850 istis
1716 831 1777 850 ver-

999 857 1040 884 bis
1061 858 1145 884 voluit
1167 857 1285 885 Paulus?
1309 857 1388 884 Aliud
1414 862 1486 885 certe
1503 858 1570 884 nihil
1593 866 1673 892 quatit
1693 865 1722 884 se
1748 859 1776 884 in

998 896 1099 919 terram
1117 893 1218 924 Asiani,
1234 893 1423 928 prmcipueque
1449 893 1567 920 Miletum
1584 897 1611 920 et
1628 892 1776 927 Ephesum,

996 928 1112 961 amplius
1128 936 1182 954 noti
1198 928 1357 955 rediturum.

1031 961 1190 995 Postremo,
1211 971 1265 990 non
1291 971 1371 997 posse
1395 963 1476 989 verba
1493 962 1526 989 de
1542 962 1644 989 Christi
1669 961 1775 990 Domini

996 997 1122 1031 sepulcro
1140 998 1269 1033 intelligi,
1288 997 1383 1033 probat
1404 998 1485 1024 etiam
1502 998 1677 1025 doctissimus
1692 998 1777 1025 Baro-

995 1033 1068 1064 nius,
1081 1040 1152 1059 anno
1167 1032 1269 1060 Christi
1280 1032 1324 1060 48.
1343 1033 1410 1065 Quia
1426 1032 1528 1060 scilicet
1543 1033 1696 1067 sepulcrum
1708 1033 1775 1059 illud

995 1068 1109 1102 apostoli
1122 1067 1178 1102 jam
1196 1076 1268 1103 saepe
1282 1067 1416 1098 viderant.
1431 1075 1481 1103 nec
1497 1071 1554 1094 erat
1575 1075 1663 1103 causa?
1681 1076 1731 1094 cur
1748 1068 1774 1094 id

996 1102 1127 1137 temporis
1141 1107 1194 1128 tant
1211 1102 1287 1129 multi
1301 1111 1353 1129 una
1367 1102 1551 1133 convenirent,
1565 1106 1618 1129 tant
1632 1102 1666 1129 ad
1679 1103 1774 1130 viden-

995 1137 1059 1163 dum
1078 1137 1153 1169 illud,
1170 1146 1250 1172 quatit
1274 1137 1307 1164 ad
1329 1139 1443 1173 hymnos
1460 1137 1496 1164 ibi
1513 1137 1706 1164 concinettdos.
1724 1137 1775 1173 Cui

995 1176 1156 1206 argumento
1179 1173 1278 1199 mirum
1295 1177 1337 1200 est
1350 1172 1418 1199 nihil
1446 1180 1603 1206 responsum
1621 1180 1681 1200 esse
1697 1180 1713 1198 a
1730 1172 1775 1199 Bi-

995 1208 1080 1243 vario.
1096 1207 1202 1234 Maneat
1214 1207 1296 1242 igitur
1313 1208 1418 1243 lirmunt
1436 1208 1517 1243 (quod
1534 1211 1560 1234 et
1576 1207 1663 1234 Grmci
1679 1215 1774 1235 omnes

995 1241 1189 1275 docuerunt,ct
1200 1241 1309 1277 plurimi
1319 1241 1476 1271 Latinorum
1489 1242 1773 1277 approbarunt)verba

995 1277 1082 1312 sancti
1101 1277 1220 1312 Dionysn
1235 1278 1268 1306 de
1283 1282 1415 1304 conventu
1431 1279 1613 1312 apostolorum
1629 1277 1773 1312 adreorpus

997 1310 1114 1346 Virginis
1131 1310 1301 1343 intuendum,
1315 1317 1342 1339 et
1359 1310 1460 1339 honore
1478 1313 1624 1347 Sepultum
1639 1310 1774 1339 adornan-

995 1347 1071 1382 duui,
1085 1348 1258 1382 intelligenda
1275 1356 1345 1374 esse.

1031 1380 1084 1418 Sed
1107 1380 1208 1417 qureret
1234 1383 1351 1418 aliquis,
1379 1383 1555 1418 quamobrem
1586 1382 1771 1418 apostolorum

994 1417 1085 1443 nullus
1110 1418 1272 1444 mentionem
1300 1417 1391 1444 ullam
1408 1418 1449 1445 vel
1472 1418 1567 1445 ntortis
1592 1417 1772 1445 sanctissume

995 1451 1124 1488 Virginis,
1144 1453 1184 1479 vel
1201 1456 1352 1488 conventus
1372 1453 1404 1479 ad
1423 1453 1565 1488 exsequias
1588 1453 1648 1487 ejus
1666 1453 1770 1479 fecerit.

994 1486 1052 1523 Hoc
1067 1487 1141 1523 enim
1156 1488 1264 1522 quidant
1279 1487 1403 1515 Micltaeli
1419 1486 1509 1523 Clyt-ae
1528 1489 1591 1515 olint
1604 1486 1770 1522 proposuit.

994 1522 1069 1549 Illius
1085 1522 1198 1556 proinde
1215 1522 1464 1556 interrogationem,
1479 1528 1506 1551 et
1521 1523 1601 1558 hujus
1618 1523 1773 1557 responsio-

994 1565 1054 1584 nem
1081 1558 1123 1593 hic
1143 1558 1216 1584 lubet
1233 1565 1376 1592 apponere.
1396 1558 1442 1585 Sic
1466 1558 1554 1593 itaque
1577 1557 1674 1593 Glyras
1696 1563 1773 1592 parte

994 1593 1074 1628 tertia
1100 1591 1295 1619 Annaliumift
1315 1593 1421 1620 Memini
1445 1591 1566 1628 quoque,
1593 1591 1770 1624 dilecte’tili,

993 1627 1091 1661 inquit.
1113 1631 1140 1662 te
1163 1628 1234 1655 ittter
1259 1632 1371 1655 caeteros
1397 1627 1550 1662 bujusutodi
1575 1627 1772 1655 dubitationem

993 1661 1139 1696 aliquando
1161 1663 1225 1689 mihi
1248 1661 1439 1697 proposuisse;
1452 1663 1652 1696 Quamobrettt.
1667 1662 1770 1693 aiebas,

993 1697 1119 1733 discipuli
1145 1697 1247 1725 Christi
1267 1701 1294 1725 et
1312 1699 1442 1733 apostoli,
1465 1699 1545 1725 rebus
1562 1698 1623 1725 aliis
1644 1698 1671 1724 in
1694 1705 1771 1724 com-

993 1732 1143 1768 mentarios
1165 1738 1192 1760 et
1214 1733 1344 1768 historias
1369 1733 1473 1765 relatis,
1491 1741 1603 1768 prorsus
1619 1733 1653 1760 de
1671 1733 1772 1768 obdor-

992 1767 1104 1802 mitione
1120 1772 1256 1802 perpetua:
1277 1767 1396 1802 Virginis
1411 1767 1697 1795 illius’obticuerunt?
1714 1767 1771 1793 Hac

992 1801 1025 1843 de
1041 1810 1069 1842 re
1087 1803 1156 1843 salis
1169 1801 1212 1842 est
1228 1801 1403 1843 respondere,
1421 1806 1546 1830 auctores
1563 1802 1770 1837 Evangeliorum

992 1836 1093 1863 Christi
1106 1836 1367 1865 administrationem
1382 1839 1409 1865 in
1422 1845 1502 1865 carne
1514 1836 1769 1867 commemorantes.

992 1873 1025 1908 ad
1042 1871 1100 1905 ejus
1112 1880 1126 1898 a
1139 1873 1218 1899 terris
1231 1873 1258 1900 in
1270 1873 1368 1900 catlum
1381 1873 1769 1908 assumptionetnpervenisse.

992 1906 1025 1941 At
1042 1907 1086 1933 ilia
1102 1915 1199 1941 expers
1221 1909 1333 1935 maculae
1349 1907 1455 1935 Domini
1474 1906 1565 1935 'nOs-tri
1587 1907 1650 1934 Jesu
1668 1907 1771 1934 Christi

993 1940 1079 1978 Mater
1100 1940 1256 1978 provectam
1280 1948 1386 1970 aetatem
1409 1943 1530 1978 attigisse
1557 1942 1724 1977 perhibetur,
1741 1946 1771 1968 ut.

992 1976 1099 2004 divinus
1117 1977 1161 2004 ille
1178 1977 1218 2004 vir
1239 1978 1361 2005 Andreas
1383 1976 1520 2005 Cretensis
1541 1976 1651 2005 antistes
1675 1982 1772 2004 auctor

991 2015 1042 2038 est.
1060 2012 1230 2046 Quapropter
1246 2013 1304 2040 fieri
1321 2021 1376 2040 non
1391 2013 1488 2048 potuit,
1511 2017 1539 2040 ut
1559 2012 1675 2048 Virginis
1698 2012 1772 2039 illius

992 2051 1127 2081 perpetua.-
1143 2048 1306 2074 obdormitio
1326 2047 1487 2082 evangelica:
1501 2048 1621 2075 historia:
1635 2047 1771 2074 inserere-

992 2085 1046 2112 tur,
1063 2083 1100 2108 uti
1113 2090 1173 2117 qua:
1185 2083 1265 2117 longo
1280 2082 1407 2117 deinceps
1418 2087 1549 2117 tempore,
1558 2084 1628 2110 sicut
1639 2082 1770 2113 diximus,

992 2117 1131 2152 aCciderit.
1149 2116 1296 2151 Propterea
1320 2116 1442 2145 seorsum
1457 2116 1587 2152 peculiari
1603 2117 1720 2152 quodam
1739 2118 1772 2143 liA

992 2151 1041 2187 bro
1056 2151 1090 2179 de
1106 2153 1164 2186 ipsa
1182 2152 1250 2178 nihil
1266 2152 1368 2179 Christi
1383 2151 1509 2187 discipuli
1525 2153 1662 2179 memoriae
1678 2151 1772 2186 prodi-

992 2185 1100 2219 derunt,
1118 2185 1261 2221 propterea
1277 2189 1349 2222 quod
1366 2188 1392 2214 in
1406 2185 1563 2222 explicanda
1578 2188 1637 2222 ejus
1652 2185 1771 2213 admini-

992 2222 1128 2262 stratione,
1149 2223 1284 2262 occupati,
1302 2221 1565 2262 magnoperequeue
1590 2221 1643 2262 uita
1664 2221 1715 2262 illa
1735 2229 1771 2262 re

161 2256 195 2283 de
220 2257 265 2284 illo
288 2255 385 2286 scribit:
403 2268 410 2285 ς
425 2268 433 2283 ε
448 2258 516 2290 Quia
545 2255 687 2292 postquam
713 2257 797 2284 semel
826 2255 939 2293 Romam
955 2257 974 2285 C
992 2256 1102 2283 solliciti
1120 2257 1185 2293 (quo
1196 2255 1325 2284 nimirum
1343 2255 1422 2292 pacto
1437 2257 1592 2284 incredulos
1609 2256 1772 2293 lideIeS__clli-

161 2293 244 2328 venit,
260 2301 399 2328 nunquam
420 2293 447 2319 in
464 2294 600 2320 Orientem
618 2300 743 2320 reversus
759 2295 858 2328 est,_ut
880 2292 938 2326 ipse

161 2325 194 2352 de
209 2335 237 2353 se
258 2325 463 2362 prophetaverat
489 2329 617 2355 Actorum
642 2328 791 2361 vigesimo:
809 2326 876 2362 Ecce
891 2325 938 2361 ego

161 2362 225 2393 scio,
247 2361 387 2397 inquiens,
411 2363 473 2398 quia
499 2371 550 2389 non
569 2363 682 2396 amplius
704 2361 822 2398 uidebitis
845 2361 938 2396 facient

161 2404 246 2422 meant
264 2396 306 2424 υᾱε
333 2396 431 2429 omnes,
447 2406 492 2432 per
511 2398 703 2433 quasilransivi
727 2396 875 2433 prmdicqns
895 2405 940 2433 Vre-

161 2440 241 2466 gnum
256 2433 312 2459 Dei.
324 2443 333 2458 ι
349 2433 394 2460 Sic
410 2434 462 2459 ille.
482 2432 561 2467 Atqui
576 2432 675 2459 Paulus
691 2440 744 2459 non
761 2432 939 2466 propltetabat

161 2475 191 2493 se
213 2475 350 2502 nunquam
375 2468 401 2494 in
427 2468 563 2494 Orientem
587 2475 772 2498 reversurum;
792 2467 845 2502 imo
861 2471 936 2497 tunc,

160 2509 222 2528 cum
238 2500 285 2529 illa
299 2503 488 2536 prophetabat,
504 2507 578 2529 recta
605 2503 730 2528 tendebat
746 2502 772 2528 iii
787 2500 936 2532 Orientem,

160 2544 257 2572 nempe
273 2537 495 2571 Hierosolymam,
512 2538 555 2564 ubi
574 2542 600 2564 et
615 2541 710 2571 captus
727 2541 752 2563 et
771 2537 886 2572 vinctus.
907 2544 938 2563 ac

160 2570 257 2599 deinde
267 2573 366 2600 ductus
383 2570 494 2599 Romam
508 2573 566 2598 fuit.
584 2570 655 2598 Erat,
663 2576 752 2598 autem
771 2571 853 2597 Mileti
868 2570 939 2597 Pau-

160 2607 202 2633 lus
219 2615 280 2634 cutn
306 2608 350 2634 illa
374 2607 544 2642 prophetavit
566 2607 618 2641 (est
642 2614 721 2640 porro
745 2605 864 2642 Miletus_
874 2607 938 2632 urbs

159 2641 251 2703 Asieuj.
265 2650 352 2677 eoque
369 2640 510 2669 vocaverat
524 2640 630 2676 Epheso
643 2642 759 2675 majores
771 2646 833 2667 natu
845 2640 938 2667 Eccle—

159 2677 215 2703 βίω.
244 2677 280 2703 iis
294 2686 356 2703 ergo
373 2677 508 2703 Ephesiis.
524 2681 550 2703 et
567 2676 677 2703 Milesiis
691 2676 873 2703 notissimum.
890 2676 937 2702 sed

159 2677 215 2703 sim.
233 2676 280 2704 His
294 2676 356 2712 ergo
373 2677 508 2711 Ephesiis,
524 2681 550 2704 et
567 2676 677 2703 Milesiis
691 2676 873 2712 potissimum,
890 2676 937 2712 sed

159 2716 186 2738 et
202 2713 262 2739 aliis
286 2710 413 2739 Ecclesii’s
435 2712 520 2743 Asize,
536 2719 596 2746 qua:
613 2712 647 2738 ab
662 2711 715 2738 illis
733 2718 785 2738 non
804 2711 881 2744 longe
896 2710 939 2736 di-

159 2748 278 2777 stabant,
295 2756 323 2775 se
341 2748 452 2782 posthac
470 2755 516 2782 per
530 2745 624 2774 eorum
637 2751 724 2773 terras
739 2754 792 2782 non
808 2745 938 2772 transitu-

158 2789 219 2808 rnm
238 2781 408 2817 pia:.ticebat.
427 2781 518 2817 Neqite
534 2782 605 2808 enim
617 2782 656 2808 eis
667 2782 747 2808 verba
759 2781 799 2806 sic
814 2781 938 2807 restricte

159 2817 289 2851 capienda
301 2824 373 2847 sunt.
385 2818 462 2852 quasi
481 2817 546 2844 nulli
564 2817 674 2843 omnino
690 2824 795 2846 eoruut,
807 2823 854 2850 per
869 2823 937 2849 quos

159 2852 320 2883 transiverat
338 2853 486 2887 praedicans
503 2853 615 2879 verbum
633 2852 690 2883 Dei,
703 2855 794 2878 essent
805 2852 832 2878 itt
849 2856 938 2884 poste-

158 2893 217 2919 rum
235 2887 294 2922 ejus
310 2887 393 2919 visuri
413 2888 518 2920 faciem,
539 2888 564 2915 id
582 2890 655 2915 cuitu
673 2888 727 2914 fere
742 2887 798 2914 fieri
815 2895 868 2914 non
890 2893 937 2924 po:

990 2296 1092 2323 cereut,
1116 2290 1148 2319 ac
1166 2300 1261 2319 omnes
1277 2293 1310 2318 ad
1328 2290 1422 2326 p'urant
1439 2294 1628 2327 sinceramque
1644 2292 1672 2318 in
1689 2290 1772 2317 Chri-

990 2330 1062 2362 stum
1086 2327 1165 2354 lidem
1189 2328 1377 2362 perducerent)
1390 2331 1486 2354 uetera
1502 2327 1682 2362 negligebant,
1700 2334 1773 2359 prae-

990 2361 1082 2397 sertim
1094 2369 1125 2388 ea
1139 2370 1198 2396 qua:
1210 2363 1244 2388 ad
1259 2361 1378 2389 divinant
1390 2363 1461 2389 illaut
1473 2361 1691 2397 praedicationem
1700 2362 1773 2397 uiltil

990 2395 1118 2432 facerent.
1132 2395 1200 2424 {Sic
1211 2397 1255 2424 ille
1269 2398 1302 2423 ad
1317 2395 1482 2432 propositam
1496 2395 1771 2432 quaestionemaTuni

990 2431 1082 2466 subdit
1098 2436 1306 2466 consequenter,
1318 2431 1377 2459 non
1390 2431 1666 2466 ontnino'neglectam
1685 2431 1773 2458 fuisse

989 2465 1160 2501 adiscipulis
1184 2465 1368 2501 apostolorum
1392 2468 1461 2493 hattc
1477 2468 1510 2494 de
1535 2465 1630 2494 sumno
1651 2465 1773 2501 Virginis

989 2500 1142 2534 historiam,
1157 2500 1375 2537 quandoquidem
1394 2502 1422 2529 S.
1448 2502 1590 2537 Dionysius
1605 2503 1642 2533 ,in
1659 2500 1774 2536 scriptis

989 2536 1047 2563 suis
1062 2537 1121 2571 ejus
1136 2537 1289 2564 memitterit
1302 2547 1308 2564 :
1324 2547 1332 2562 ι
1349 2537 1407 2565 Non
1422 2536 1648 2566 tatnen'onmino.
1668 2537 1770 2571 inquit,

989 2570 1081 2606 divina
1106 2572 1199 2598 istltaee
1225 2573 1387 2599 obdorinitio
1412 2573 1520 2599 silentio
1546 2572 1681 2606 praeterita
1707 2570 1770 2599 fuit.

988 2604 1055 2642 Nam
1073 2614 1162 2633 rerutn
1182 2607 1225 2634 ille
1241 2607 1392 2634 divinarum
1411 2604 1557 2642 interpres:
1572 2614 1686 2641 magnus
1705 2606 1771 2633 Dio-

989 2641 1093 2676 uysius,
1107 2642 1140 2669 de
1156 2642 1207 2668 hac
1218 2642 1376 2668 adntiranda
1389 2643 1510 2676 quaedam
1526 2643 1552 2669 in
1565 2642 1724 2676 perscriptis
1735 2642 1771 2670 ad

989 2675 1159 2703 Timotheum
1171 2677 1292 2711 epistolis
1306 2675 1413 2704 tradere
1423 2675 1643 2712 deprehenditur.
1657 2675 1695 2704 Ac
1707 2677 1772 2703 vi'de

989 2711 1065 2741 mibi,
1090 2712 1216 2742 obsecro,
1234 2719 1295 2746 quae
1313 2712 1413 2738 dicturi
1430 2713 1516 2739 simus
1532 2720 1563 2738 ex
1583 2713 1654 2738 illius
1672 2720 1771 2738 narra—

988 2746 1108 2774 tionibus
1133 2749 1267 2781 decerpta.
1291 2746 1346 2774 Nos
1369 2747 1488 2781 quidem,
1512 2747 1565 2778 ait,
1591 2755 1643 2773 una
1661 2751 1769 2779 tecum,

990 2782 1134 2816 multisque
1158 2783 1244 2808 sacris
1269 2782 1408 2811 fratribus.
1429 2786 1457 2808 ut
1482 2782 1639 2813 meministi,
1657 2783 1690 2809 ad
1707 2790 1771 2816 spe-

989 2817 1115 2852 ctandum
1141 2825 1241 2850 corpus
1268 2817 1346 2848 illud.
1372 2817 1443 2852 quod
1469 2818 1529 2844 vitae
1554 2818 1716 2852 printipiunt
1742 2821 1773 2849 et,

990 2851 1078 2885 ipsum
1106 2852 1188 2879 Deum
1219 2852 1363 2887 aliquando
1381 2851 1577 2884 continuerat,
1600 2851 1768 2881 convenera-

990 2893 1059 2920 mus,
1072 2895 1080 2913 ι
1095 2891 1147 2915 etc.
1166 2886 1204 2916 Ita
1222 2887 1276 2917 ille.
