1929 3092
196 147 244 175 ἹΉ

767 149 795 177 S.
817 148 968 176 DlONYSll
989 147 1218 176 AREOPAGITAZ

1764 148 1814 175 772

195 210 309 246 testatur
325 205 357 232 ad
370 213 472 246 anitum
487 205 588 246 Christi
606 204 648 237 76,
665 211 688 232 et
706 206 814 246 plurimi
839 206 981 246 RDL-mltis
995 209 1019 236 Α
1033 205 1256 246 declarant,_ttbi
1267 205 1348 246 inter
1363 205 1475 246 aliansie
1490 205 1524 233 de
1543 206 1607 246 illo:
1624 215 1633 230 ι
1649 205 1669 232 Α
1687 205 1716 233 B.
1734 205 1813 246 Petro

196 242 257 267 vide
273 241 306 268 ad
325 249 387 267 eum
403 241 493 267 locum
512 241 539 267 in
555 240 756 267 Commentario
774 240 912 268 Francisci
936 241 980 267 Bi-

196 277 283 306 varii,
308 276 354 310 qtti
380 283 508 309 germana
532 276 617 309 ipsius
632 275 776 310 Saturnini
802 281 862 302 acta
880 283 930 303 ms.
953 277 980 302 iu

196 309 323 338 Roderici
340 311 457 337 Ximcuii
479 311 600 345 episcopi
618 309 740 337 Toletani
757 311 922 338 Bibliotheca
938 319 981 338 as—

196 354 299 372 servari
324 346 479 380 proﬁtetur.
498 350 525 371 ct
544 346 572 371 in
596 345 637 372 his
659 346 694 372 ita
717 346 788 380 legi:
808 355 817 371 ‹
835 346 925 373 Bonus
940 350 982 373 est

199 381 335 407 Honestus
361 380 501 407 Saturnini
523 380 673 414 discipulus
689 390 694 407 :
713 381 808 407 melior
822 387 863 408 est
885 380 981 407 Satur-

199 415 280 443 ttinus
294 416 367 443 Petri
384 417 510 442 alurnntts
523 423 530 442 :
543 415 605 450 quia
622 416 741 449 optimus
763 417 883 442 omnium
901 417 980 443 Chri-

198 456 258 478 Stus
277 451 349 478 Petri
363 451 530 477 didasoalus.
549 460 557 475 ι
577 451 645 476 Sunt
663 455 753 478 tamen
769 452 891 478 nonnulli
907 460 922 478 e
939 460 980 479 re-

197 486 376 517 centioribus,
392 490 418 512 et
435 486 451 511 ii
468 486 629 520 praisertim,
647 486 692 519 qui
712 487 771 513 sine
786 487 841 512 ullo
856 487 980 513 examine

197 529 304 547 morum
320 521 441 554 exempla
460 521 620 554 compilant.
644 520 689 555 qui
705 529 752 547 eos
768 522 825 548 ausi
841 525 905 549 sunt
919 530 979 548 cor-

197 557 284 591 rigere
296 576 303 587 ,
329 556 375 590 qui
392 555 569 582 Saturninum
590 556 679 590 primo
693 561 739 582 attt
755 557 876 583 secundo
898 564 981 591 potie—

198 597 258 618 rent
278 591 385 617 szeculo.

234 626 288 660 (95)
311 625 432 660 Regulus.
450 626 536 653 Etiam
552 625 685 660 Regulum
713 626 796 653 fuisse
813 626 840 653 S.
859 626 980 660 Dionysii

197 661 333 691 coutitettt.
349 662 448 688 habent
459 662 519 696 ejus
533 661 600 687 Acta
613 661 684 696 apttd
704 661 875 688 Vincentium
892 662 980 689 Bello-

197 702 344 722 vacensem
369 696 438 722 libro
461 705 491 728 χ,
511 703 570 731 cap.
587 696 632 723 9.7.
652 696 687 722 De
706 697 752 723 illo
767 702 792 722 et
811 697 870 731 ejus
888 698 979 724 Arela-

197 732 268 757 tensi
284 731 441 766 episcopatu
457 739 567 766 agemus
581 733 669 766 capite
684 732 817 766 sequenti.

235 766 289 801 (BG)
308 764 433 800 Jonfqui
453 764 570 793 et'Jonus
585 764 740 800 quibusdam
757 767 913 801 appellatur.
932 767 982 794 llic

197 809 305 835 quoque
317 809 387 828 unus
402 801 452 828 fuit
465 810 480 828 e
495 801 614 836 Dionysii
628 801 773 836 discipulis
785 807 811 828 et
823 802 979 833 comitibus.

197 840 252 862 tant
266 836 379 863 Athenis
390 835 514 866 Romam,
531 835 611 870 quam
627 835 712 862 [tonui
727 838 753 863 in
767 836 892 863 Galliam.
903 837 980 869 Quod

197 871 310 906 Athenis
329 871 453 901 Romam.
471 877 530 898 acta
548 871 633 905 ipsius
656 871 733 899 Jonis
749 876 894 904 testantur,
911 872 980 906 apud
996 879 1017 906 Β

199 905 369 933 Vincentium
397 906 614 933 Bellovaeeusem
641 907 687 933 lib.
715 915 731 933 Χ
763 906 870 940 δριιειιιί
897 905 977 939 Irish.

198 949 258 976 cap.
275 941 320 968 25.
336 942 413 974 Quod
434 941 518 967 Roma
537 942 564 968 in
580 941 710 971 Galliam.
725 943 804 968 testis
819 947 860 968 est
876 941 980 976 Marty-

198 977 328 1011 rologium
355 976 501 1003 Romanum
518 977 550 1003 ad
568 977 601 1003 “22
626 976 808 1011 Septembris.
826 977 900 1004 hisce
919 985 980 1003 ver—

198 1011 240 1038 bis
255 1019 261 1036 :
279 1020 287 1036 t
304 1012 381 1046 Apud
398 1020 497 1046 pagum
513 1012 700 1047 Castrensium
711 1031 717 1041 .
735 1011 763 1038 S.
779 1011 854 1038 .lome
868 1013 980 1047 presby-

199 1047 248 1073 teri
263 1052 289 1074 et
305 1051 442 1081 mattyrts,
467 1048 511 1081 qui
529 1055 590 1073 cum
608 1046 636 1073 S.
655 1047 782 1081 Dionysio
800 1048 937 1081 prolectus
953 1049 980 1074 in

198 1081 313 1108 Calliam
326 1102 333 1112 .
357 1082 437 1116 jussu
455 1081 554 1108 Juliani
572 1081 691 1117 praefecti
716 1082 874 1109 verberibus
893 1090 980 1109 camus

199 1118 289 1152 gladio
305 1118 464 1151 martyrium
479 1118 688 1144 consuunnavit.
706 1126 714 1141 ι

233 1151 283 1178 Ubi
291 1156 352 1178 uota
359 1153 385 1179 iit
394 1153 447 1179 illis
454 1153 554 1179 verbis:
561 1161 569 1176 ι
578 1153 652 1186 Apud
661 1159 755 1186 pagum
763 1151 961 1184 Castrensium,
969 1162 978 1178 ι

200 1187 311 1222 intelligi
324 1188 500 1217 .‘celebratur
515 1187 573 1214 dies
589 1187 686 1213 natalis
701 1187 789 1221 (sicut
805 1188 830 1213 in
845 1187 980 1214 similibus

200 1222 264 1248 alibi
277 1222 452 1256 notavimus),
465 1230 517 1248 non
530 1222 686 1254 vero,obiit,
695 1226 740 1247 aut
750 1230 847 1256 passus
859 1226 901 1248 est
910 1230 981 1248 tuar-

199 1258 310 1291 t_vrium.
328 1257 434 1292 Alioqui
448 1257 668 1292 Martyrologium
690 1261 804 1283 scateret
820 1257 979 1284 mendaciis.

199 1292 254 1318 Nec
268 1293 340 1318 enim
358 1291 602 1327 sanctusrlguatius
626 1296 727 1326 martyr
740 1292 892 1318 Antiochia:
908 1300 981 1318 mor-

200 1332 263 1353 tuus
279 1331 330 1358 est,
346 1335 395 1354 nec
416 1327 443 1353 S.
460 1326 578 1354 Joannes
595 1327 808 1361 Cbrysostomus
822 1327 981 1354 Constanti-

200 1362 301 1397 nopoli,
321 1363 416 1396 sicque
431 1363 464 1389 de
480 1363 555 1394 aliis;
576 1362 622 1389 sed
642 1363 685 1388 ille
701 1361 804 1393 Romte,
822 1367 848 1389 et
867 1363 910 1388 hic
925 1363 980 1388 Co-

200 1405 286 1423 maua:
308 1397 335 1423 in
350 1396 446 1428 Ponto.
462 1405 523 1424 cum
547 1402 635 1424 tamen
650 1397 683 1424 de
698 1396 831 1424 ambobus
847 1398 982 1424 scribatur

200 1433 227 1458 in
259 1432 464 1467 lllartyrologio.
501 1433 534 1459 de
562 1440 615 1459 uno
643 1432 775 1466 quidem:
805 1433 982 1459 «Antiochiae

201 1467 228 1493 S.
250 1467 359 1501 lguatti,
376 1477 384 1492 ›
402 1472 466 1498 etc.;
483 1467 516 1494 de
532 1468 617 1494 altero
635 1473 724 1494 autettt
740 1476 746 1493 :
767 1477 775 1489 ι
789 1467 982 1494 Constantino-

199 1502 252 1536 poli
269 1503 297 1528 S.
318 1502 431 1530 Joannis
442 1503 573 1537 episcopi,
590 1512 598 1527 ι
617 1507 669 1529 etc.
798 1511 799 1514 ‘

1032 242 1156 275 apostolo
1170 240 1203 266 ad
1226 239 1328 267 Gallias
1351 241 1526 275 prmdicatum
1551 242 1651 268 missus
1675 242 1811 269 accessit:

1032 274 1229 310 ingressusque
1259 276 1397 302 civitatem
1426 274 1562 303 Santonas
1591 284 1652 303 eum
1675 276 1811 303 Christum

1032 311 1202 346 praedicaret.
1213 310 1247 337 ab
1265 311 1420 337 inﬁdelibus
1434 318 1522 338 caesus
1537 316 1562 338 et
1580 311 1613 338 de
1622 311 1687 338 urbe
1698 311 1811 345 ejee‘us,

1032 347 1083 373 sibi
1099 346 1237 380 tugurium
1251 350 1327 372 extra
1345 353 1437 372 muros
1451 347 1614 376 construxit.
1628 347 1672 373 ubi
1688 347 1812 374 noctibus

1031 382 1149 408 orationi
1161 401 1167 412 ,
1183 381 1280 407 diebus
1297 388 1361 407 vero
1380 381 1564 415 prtedicationi
1581 382 1734 408 insistebat.
1745 381 1811 408 Cum

1032 422 1121 443 autem
1141 417 1225 443 multo
1242 416 1340 443 ibidem
1359 419 1480 450 tempore
1494 421 1678 443 cotumoratus
1695 416 1811 443 fructum

1033 452 1169 478 lliOditUlll
1194 451 1396 485 prazdicationis
1422 451 1549 486 fecisset,
1575 459 1607 478 co
1631 451 1702 486 quod
1721 451 1811 478 deeetr.

1033 487 1106 513 viros
1129 487 1300 513 solummodo
1316 486 1494 513 convertisset
1508 507 1515 517 ,
1534 485 1647 513 Romani
1668 486 1810 520 repedans,

1030 521 1112 582 €66
1133 522 1162 548 B.
1184 521 1293 548 Petrum
1311 522 1463 555 apostolum
1482 529 1592 555 passum
1612 523 1711 582 regerit
1725 529 1731 546 :
1745 526 1772 548 et
1797 529 1810 546 a

1056 578 1061 582 .
1078 559 1216 582 Clemente
1226 557 1286 582 eius
1303 564 1464 582 successore
1474 556 1616 582 ordinatus
1657 557 1810 582 antonensis

1056 556 1216 584 [Clemente
1226 557 1286 590 ejus
1303 564 1464 583 successore
1474 556 1616 583 ordinatus
1636 556 1813 583 Santonensis

1032 592 1189 626 episcopus,
1208 592 1339 625 beateque
1355 590 1482 626 Dionysio
1499 592 1619 618 sociatus
1629 612 1635 623 ,
1647 599 1707 618 cum
1718 591 1810 618 eodem

1032 627 1129 653 iterum
1148 626 1181 653 ad
1198 626 1299 653 Gallias
1317 626 1393 652 adiit.
1410 636 1419 651 ι
1437 626 1485 653 libi
1506 634 1602 653 rursus
1617 627 1742 657 observa.
1760 626 1812 652 Eu-

1031 663 1150 696 tropium
1174 662 1263 688 statim
1287 669 1302 687 a
1320 665 1406 687 morte
1422 660 1495 687 Petri
1523 661 1635 687 Romam
1659 661 1810 691 advenisse.

1031 702 1057 723 et
1075 706 1089 723 a
1108 696 1135 723 S.
1154 696 1293 723 Cleutente
1317 696 1376 730 ejus
1398 703 1559 723 successore
1576 696 1730 722 ordinatum
1755 697 1813 730 τρὶ--

1032 739 1155 766 scopum,
1170 739 1231 758 tum
1252 731 1379 766 Dionysio
1400 730 1501 758 Gallias
1526 732 1642 764 adiisse;
1659 732 1695 758 ita
1714 735 1741 757 ut
1757 740 1809 757 non

1032 769 1116 793 rmtlto
1135 773 1194 801 pOSl
1209 767 1375 802 fabrexcessu
1386 767 1576 802 apostolorum
1590 767 1735 802 Dionysius
1749 767 1812 792 mis-

1033 809 1080 828 sus
1101 803 1137 829 sit
1154 803 1180 828 in
1198 801 1316 832 Gallias,
1342 801 1440 828 nedum
1460 801 1570 836 triginta
1587 806 1649 836 post
1664 802 1743 828 annis
1756 821 1762 832 ,
1785 805 1813 827 ut

1032 837 1141 871 quitiam
1157 837 1251 863 volunt

1067 874 1122 907 (98)
1145 871 1210 898 lude
1236 876 1271 897 tot
1296 875 1421 903 perimus
1437 872 1635 902 molestiarum,
1650 876 1703 898 etc.
1722 870 1768 898 Est
1784 872 1810 898 in

1030 907 1090 941 ejus
1115 907 1205 938 Actis,
1228 910 1324 940 pra-ter
1339 906 1406 933 alias
1423 908 1575 938 molestias,
1594 907 1675 933 etiam
1691 907 1811 933 verberi-

1032 942 1082 969 bus
1107 941 1192 968 fuisse
1207 942 1331 968 allectum
1343 962 1350 971 ,
1374 945 1455 976 atque
1473 943 1537 969 urbe
1551 943 1670 976 pulsum.
1692 943 1743 968 Sed
1762 943 1812 968 hoc.

1031 977 1138 1011 quidem
1156 978 1229 1011 parvi
1248 976 1394 1010 Eutropius
1405 977 1537 1007 ducebat.
1554 978 1576 1004 si
1594 977 1700 1004 fructus
1715 977 1812 1004 saltent

1032 1012 1057 1039 in
1074 1013 1220 1038 mullorutu
1235 1013 1321 1039 salute
1336 1012 1479 1046 paruisset.
1495 1013 1528 1038 At
1540 1020 1604 1038 vero
1620 1013 1693 1039 viros
1708 1017 1811 1038 tantunt

1031 1047 1123 1074 decem
1147 1048 1173 1073 iu
1199 1047 1332 1073 fructibus
1357 1050 1493 1073 tarttorum
1510 1047 1632 1074 laborum
1657 1048 1812 1079 numerari,

1032 1082 1082 1108 hoc
1105 1082 1275 1109 intolerabile
1292 1081 1510 1116 ipsividebatur.
1532 1082 1608 1109 Haud
1624 1086 1715 1108 tamen
1729 1090 1773 1109 rrc
1786 1091 1811 1113 e.

1032 1117 1070 1143 uti
1090 1123 1115 1143 et
1135 1116 1164 1143 Β.
1182 1116 1306 1144 Clemens
1329 1117 1353 1143 ei
1378 1117 1487 1148 planum
1504 1116 1577 1148 fecit,
1595 1121 1621 1144 et
1637 1118 1719 1144 simili
1738 1118 1763 1144 in
1784 1126 1812 1144 re

1031 1160 1226 1186 nonnunquam
1243 1155 1354 1187 sanctus
1369 1153 1466 1178 Petrus
1477 1154 1616 1186 apostolus
1627 1153 1700 1187 (licet
1710 1153 1813 1187 aliquot

1031 1192 1092 1221 post
1108 1187 1226 1221 saeculis)
1245 1187 1273 1213 S.
1293 1186 1440 1213 Laurentio
1457 1187 1660 1214 Britanniarum
1677 1189 1813 1222 arclticpz-

1033 1230 1116 1256 scopo
1143 1226 1268 1249 nontam
1292 1222 1383 1249 verbis
1399 1230 1478 1256 quam
1498 1223 1654 1250 verberibus
1681 1226 1811 1249 ostendit.

1032 1257 1098 1284 Nam
1114 1265 1175 1283 cum
1193 1264 1294 1283 anuutn
1320 1257 1425 1283 Domini
1443 1258 1667 1284 sexcentesimum
1679 1259 1812 1284 decimum

1032 1297 1158 1327 quartum
1171 1312 1178 1323 .
1199 1292 1326 1318 Eadbaldi
1343 1293 1413 1326 regis
1429 1291 1636 1319 Cantuariorum
1654 1293 1714 1320 lidei
1735 1293 1815 1320 Chri-

1033 1328 1128 1354 stiana:
1143 1327 1329 1357 adversantis,
1353 1332 1379 1353 et
1395 1328 1564 1354 castimoniae
1583 1329 1654 1362 leges
1671 1329 1739 1354 adeo
1754 1336 1815 1362 pes-

1033 1363 1196 1394 sumdautis,
1211 1366 1238 1388 ut
1251 1370 1363 1388 uxorem
1374 1362 1459 1396 patris
1475 1363 1516 1389 sui
1532 1363 1654 1392 duceret.
1673 1364 1771 1397 impios
1783 1372 1815 1389 ac

1032 1404 1175 1432 per't‘ersOs
1201 1405 1290 1424 mores
1317 1402 1467 1431 pertasus,
1492 1398 1634 1425 statuisset
1658 1397 1816 1425 Britannias

1033 1433 1160 1459 dest-rere
1183 1432 1293 1467 (habito
1317 1433 1388 1459 enim
1412 1441 1473 1459 cum
1502 1433 1637 1467 ep;s(:opis
1663 1433 1765 1460 Mellito
1787 1438 1815 1460 et

1031 1467 1110 1496 Justo
1127 1475 1209 1502 super
1222 1475 1253 1494 ea
1269 1475 1298 1494 re
1313 1468 1447 1501 colloquio
1458 1487 1465 1499 ,
1482 1468 1620 1494 decretum
1637 1468 1724 1494 fuerat
1741 1476 1817 1494 com—

1034 1503 1110 1529 muni
1127 1502 1252 1538 cousilio,
1271 1503 1357 1538 satius
1372 1510 1442 1535 esse,
1467 1512 1476 1527 ε
1494 1507 1522 1529 ut
1540 1510 1634 1530 omnes
1656 1503 1682 1529 in
1698 1504 1817 1538 patriam

235 1538 348 1564 Occisus
364 1542 405 1578 est
420 1542 509 1564 autem
526 1538 577 1578 ._I_on
592 1546 638 1564 sett
654 1537 738 1578 Jonas
754 1537 825 1572 apud
848 1537 981 1578 Parisios,
997 1550 1017 1578 ο
1034 1538 1194 1578 redeuntes.
1217 1537 1301 1578 libera
1318 1537 1355 1578 ibi
1368 1543 1473 1578 _n_tc_nte_
1496 1537 1608 1578 Domino
1632 1537 1814 1578 deservirem.

199 1576 225 1598 et
248 1576 328 1607 caput
352 1574 468 1599 recisum
495 1573 556 1599 tulit
572 1580 658 1606 usque
678 1573 710 1599 ad
728 1576 863 1605 tuoutetu,
882 1573 928 1607 qui
955 1573 983 1599 in

199 1608 267 1643 ejus
283 1608 439 1643 memoriam
456 1612 569 1635 vocatus
581 1612 623 1635 est
637 1607 714 1634 Mons
737 1607 766 1634 S.
782 1607 874 1640 Jom's,
893 1608 981 1643 vulgo,

201 1643 224 1669 le
241 1642 314 1669 Haut
330 1642 484 1669 Suiut-Jon.

235 1678 311 1710 Quod
330 1682 419 1704 avum
441 1678 468 1714 in
490 1677 680 1714 Martyrologio
693 1683 748 1711 est,
768 1689 776 1704 ‹
792 1678 869 1712 Apud
885 1685 983 1714 pagum

198 1708 396 1743 Castrensium,
414 1722 422 1737 ι
436 1713 531 1739 dicunt
546 1708 663 1744 Callifd
678 1708 802 1741 Cltaslres
817 1708 983 1740 istius-Mimi-

199 1747 290 1774 Ielteri.
315 1747 489 1784 Francisrusi
503 1752 597 1784 tamen
620 1750 744 1776 Bivarius
775 1753 850 1784 putat
864 1756 925 1784 iper
946 1755 983 1784 ica

199 1783 282 1810 verba
298 1783 445 1817 signiﬁcari
470 1783 567 1810 Castra
578 1783 686 1810 Ca'cilia
703 1785 729 1811 in
747 1783 887 1811 Lusitania
898 1803 906 1814 ,
930 1783 984 1810 sic-

199 1826 251 1852 que
278 1818 480 1852 intelligendum
501 1819 573 1852 quod
598 1818 706 1846 Flavius
731 1819 828 1846 Dexter
855 1823 931 1845 ttotat
950 1818 983 1844 ad

199 1860 300 1879 annum
327 1853 427 1880 Cltristi
450 1854 501 1880 86:
518 1863 526 1878 ι
539 1854 644 1880 Castris
663 1855 778 1882 Caeciliis
794 1855 820 1880 iu
844 1853 983 1880 Lusitania

199 1888 329 1924 praedicat
358 1893 477 1924 sanctus
502 1888 598 1924 1Ionas,
619 1889 771 1924 discipulus
796 1889 825 1916 S.
864 1888 984 1924 Dipnysii

199 1923 368 1957 Areopagiia:
380 1943 387 1954 ,
404 1927 431 1950 et
447 1923 478 1949 ad
495 1923 596 1951 Gallias
612 1928 673 1958 post
688 1922 843 1951 revertitur.
860 1933 869 1948 ι
887 1922 983 1950 Fateor

200 1957 309 1992 quidem
332 1965 381 1992 ego
404 1958 548 1992 utrobique
570 1957 733 1992 praedicasse
751 1958 779 1985 S.
803 1958 916 1989 Ionem.
936 1958 983 1985 sed

199 1997 290 2020 tamen
307 1994 387 2019 verba
410 1993 590 2028 Martyrologii
607 1995 692 2028 magis
708 1994 796 2021 facere
813 2002 862 2028 pro
887 1993 981 2020 Gallis.

199 2027 319 2055 Adverte
333 2028 415 2054 etiam
438 2027 537 2055 exibis
552 2027 758 2056 Dextriivcrbis
782 2027 901 2055 nostram
919 2037 985 2054 cou-

201 2063 302 2099 ﬁrmari
319 2064 479 2090 sententiam
502 2065 534 2091 de
551 2064 672 2099 Dionysii
692 2065 862 2098 proiectione
878 2062 984 2099 iu_Gal-

200 2099 264 2124 liam
285 2098 363 2133 longe
379 2103 441 2125 ante
453 2102 573 2133 tempora
588 2097 681 2126 Nervae
693 2097 759 2133 itnp.
778 2099 843 2124 Nam
863 2098 885 2126 si
902 2097 984 2125 Jonas

201 2133 259 2168 (qui
274 2141 335 2160 Cum
353 2132 482 2168 Dionysio
498 2132 612 2162 Athenis
627 2132 741 2160 Romani
754 2153 760 2165 .
778 2139 803 2160 et
819 2133 902 2159 Roma
919 2141 983 2167 pro-

201 2168 287 2205 fectus
303 2172 344 2195 est
365 2169 392 2194 in
406 2169 531 2205 galliam)
546 2174 607 2205 ante
621 2177 721 2195 auutttn
740 2169 839 2196 Christi
925 2176 986 2202 pro-

201 2203 288 2231 fectus
302 2208 360 2230 erat
377 2212 391 2230 e
406 2203 492 2230 Gallia
509 2203 536 2231 in
549 2204 717 2231 Lusitaniam
731 2225 737 2236 .
757 2205 847 2238 ibique
865 2203 985 2237 Evange-

201 2239 266 2265 littm
284 2239 465 2273 praedicabat;
489 2245 562 2267 certe
587 2239 762 2273 consequitur
784 2244 810 2266 et
825 2239 983 2273 Dionysium

199 2274 286 2300 multo
302 2278 365 2301 ante
385 2274 487 2301 Christi
505 2275 539 2302 86
552 2275 659 2302 vertisse
673 2282 734 2301 cmn
752 2274 798 2301 illo
816 2274 842 2300 iu
855 2273 981 2305 Galliam;

200 2316 253 2334 non
280 2309 476 2344 igitut'il‘quod
504 2311 610 2337 volebat
632 2309 785 2344 Bat'onius)
813 2311 863 2336 sub
883 2308 981 2344 Nerva.

200 2343 259 2383 sive
273 2351 345 2370 anno
362 2343 463 2371 Christi
478 2345 522 2377 99,
538 2345 612 2372 venit
625 2345 733 2372 demum
752 2343 780 2371 in
797 2344 911 2370 Calliam
924 2343 983 2370 Dio-

201 2386 306 2405 llVSlllS.

220 2386 362 2446 ³ῗεῖιέἴδείι
382 2413 518 2448 desperato
541 2407 626 2449 opera:
649 2415 730 2448 pretio
752 2418 898 2441 excesserat
928 2413 978 2440 Eu-

200 2448 310 2483 impius.
339 2449 454 2476 Exstant
480 2448 562 2483 hujus
593 2449 621 2476 S.
658 2449 779 2483 Eutropii
813 2449 879 2476 Acta
911 2449 981 2483 apud

199 2482 356 2518 Equilinum
372 2482 529 2517 epiScopum
544 2485 592 2512 lib.
613 2493 650 2515 tv,
665 2493 725 2518 tap.
743 2482 804 2516 NB,
820 2488 846 2510 et
859 2482 981 2518 quredam

200 2518 271 2550 apud
286 2517 444 2552 Gregorium
461 2518 647 2547 Turoneusem
665 2517 710 2546 libi
726 2527 732 2545 t
750 2519 785 2545 De
805 2519 890 2553 gloria
910 2527 982 2545 mar-

201 2557 286 2589 tyrum
299 2572 305 2583 ,
323 2560 383 2587 cap.
400 2554 434 2579 56
448 2562 454 2578 :
471 2564 479 2579 ‹
496 2554 554 2581 Eutt
563 2555 639 2589 opius
663 2562 770 2588 queque
786 2559 889 2589 martyr
913 2553 982 2580 Satt-

200 2588 297 2614 touiea:
314 2588 403 2619 urbis.
424 2590 527 2623 inquit.
556 2598 570 2615 a
593 2590 672 2616 beato
693 2590 830 2616 Clctncnte
854 2588 981 2623 episeopo

201 2624 286 2649 ter-tur
302 2623 422 2650 directus
446 2625 472 2650 in
496 2624 607 2650 Gallias.
629 2624 668 2650 Ab
688 2625 782 2650 eodem
798 2625 877 2650 etiam
893 2625 982 2658 ponti-

200 2658 286 2694 ﬁcalis
309 2658 413 2694 ordinis
436 2660 521 2694 gratia
542 2663 718 2686 consecratus
740 2663 779 2685 est
796 2668 801 2684 :
818 2659 981 2692 impletoquc

199 2693 281 2727 hujus
294 2693 372 2720 olﬁcii
390 2695 484 2721 ordine
495 2715 501 2725 .
520 2699 628 2728 peracta
645 2695 671 2720 iu
688 2694 834 2720 incredulis
850 2694 981 2728 praedica-

201 2728 289 2759 tione,
308 2729 510 2764 insurgentibus
525 2730 636 2764 paganis
647 2750 653 2759 .
672 2736 741 2763 quos
765 2734 859 2754 auctor
875 2729 980 2755 invidiae

199 2763 311 2799 credere
325 2772 378 2791 non
391 2763 608 2799 ipermisitﬁlliso
624 2765 711 2798 capite
724 2764 810 2790 victor
823 2763 977 2790 occubuit.)

199 2797 267 2825 Vide
282 2799 380 2826 ibidem
395 2797 429 2826 de
445 2801 503 2834 ejus
524 2797 692 2834 apparitioite
708 2802 734 2825 et
755 2799 892 2834 agnitione
908 2807 980 2824 litar-

199 2834 272 2867 tyrii,
283 2835 399 2869 ipsoruet
413 2833 508 2862 sancto
520 2833 649 2869 Eutropio
662 2835 807 2861 revelautc.
825 2833 920 2860 Fuisse
932 2842 980 2859 au-

201 2871 253 2895 tem
276 2869 404 2904 Dionysio
424 2871 551 2899 comitem
576 2870 691 2902 itineris,
721 2870 793 2896 clare
811 2869 893 2904 hujus
913 2870 980 2896 Acta

1034 1581 1115 1608 qttatn
1130 1573 1200 1600 inter
1211 1572 1325 1599 rebelles
1341 1572 1400 1598 ﬁdei
1417 1573 1547 1599 barbaros
1563 1573 1623 1600 sine
1639 1573 1728 1599 fructu
1746 1574 1818 1600 resi-

1034 1607 1139 1640 derent,
1152 1608 1185 1642 ι),
1198 1611 1343 1642 apparente
1352 1607 1390 1633 illi
1402 1614 1497 1634 sancto
1511 1608 1592 1635 Petro
1604 1612 1630 1635 et
1645 1609 1817 1643 gravissimis

1033 1644 1123 1670 verbis
1140 1643 1308 1674 deterrente,
1324 1643 1378 1669 ituo
1393 1647 1419 1669 ct
1437 1643 1607 1678 gravioribus
1630 1644 1742 1677 ﬂagellis
1755 1652 1818 1670 eam

1033 1679 1200 1705 voluntatem
1229 1678 1376 1712 puniente,
1399 1677 1527 1705 discessit
1543 1686 1558 1704 a
1578 1683 1716 1713 proposrto
1729 1699 1736 1708 .
1766 1687 1817 1705 nec

1034 1713 1164 1748 iilellitum
1182 1717 1209 1740 et
1219 1713 1337 1743 Justum,
1356 1713 1400 1746 qui
1415 1714 1470 1747 jaut
1485 1714 1676 1743 discesserant.
1694 1719 1777 1748 atque
1789 1715 1817 1740 in

1034 1747 1148 1775 Galliam
1166 1752 1340 1779 transierant,
1366 1754 1408 1774 est
1423 1754 1542 1775 secutus.
1573 1748 1625 1775 Sed
1645 1747 1756 1783 diguuin
1775 1754 1818 1775 est

1034 1784 1203 1817 exemplum.
1227 1783 1450 1818 quodriutegrum
1474 1784 1539 1817 ipsis
1556 1782 1723 1811 Venerabilis
1739 1783 1819 1811 Beda:

1036 1819 1126 1846 verbis
1137 1817 1283 1845 referatur.
1304 1817 1349 1845 Sic
1362 1819 1444 1852 igitur
1458 1818 1538 1845 habet
1552 1819 1622 1845 libro
1639 1826 1658 1845 ll
1678 1819 1748 1846 Hist.
1761 1820 1818 1845 Au-

1052 1854 1112 1884 lic..
1135 1861 1194 1888 cap.
1221 1854 1236 1880 6
1258 1861 1264 1878 :
1283 1853 1375 1880 cCum
1405 1861 1468 1880 vero
1496 1853 1658 1880 Laurentius
1683 1853 1819 1881 Mellitum

1033 1862 1195 1915 iustumque
1211 1892 1321 1915 secutus
1338 1896 1370 1914 ac
1387 1888 1553 1915 Britanniam
1570 1894 1643 1915 esset
1656 1890 1817 1915 relicturus.

1051 1892 1195 1922 ustumque
1211 1892 1321 1915 secutus
1338 1896 1370 1914 ac
1387 1888 1553 1915 Britanniam
1570 1894 1643 1915 esset
1656 1890 1817 1920 relicturus,

1034 1923 1114 1958 jussu
1135 1923 1191 1958 ipsa
1208 1924 1259 1950 sibi
1277 1928 1356 1950 nocte
1378 1923 1404 1950 in
1417 1924 1532 1951 ecclesia
1547 1924 1686 1950 beatorum
1705 1929 1819 1958 aposto-

1035 1961 1121 1986 lorum
1134 1958 1206 1985 Petri
1222 1962 1248 1985 et
1262 1958 1338 1984 Pauli
1352 1979 1359 1990 ,
1381 1959 1415 1985 de
1435 1967 1487 1992 qua
1508 1960 1662 1992 frequenter
1674 1959 1729 1992 jam
1746 1960 1816 1986 dixi-

1035 2002 1106 2024 mus,
1123 1998 1237 2020 stratum
1256 1994 1365 2027 parari:
1380 1993 1406 2020 in
1422 2001 1476 2028 quo
1489 2001 1550 2020 etim
1567 1999 1627 2028 post
1642 1995 1741 2020 multas
1756 2003 1820 2028 pre-

1035 2037 1081 2055 ces
1098 2037 1129 2054 ac
1146 2028 1281 2063 lacrymas
1298 2029 1330 2055 ad
1344 2028 1427 2055 Deum
1445 2037 1492 2063 pro
1507 2033 1577 2055 statu
1593 2029 1721 2056 Ecclesiae
1741 2030 1821 2057 l'usas

1035 2065 1068 2090 ad
1088 2063 1281 2098 quiescendum
1308 2065 1426 2090 membra
1446 2064 1580 2098 posuisset
1605 2069 1686 2098 atque
1714 2065 1819 2090 obdor—

1035 2099 1130 2126 misset
1141 2119 1148 2129 ,
1167 2099 1291 2133 apparuit
1307 2098 1331 2125 ei
1356 2099 1533 2126 beatiSsimus
1545 2103 1729 2133 ςιιιοειυιοτιιιιι
1746 2108 1821 2134 prm-

1028 2140 1113 2169 'ceps,
1132 2137 1160 2160 et
1183 2134 1268 2159 multo
1288 2134 1362 2169 illum
1381 2137 1502 2168 tempore
1522 2138 1634 2160 secretae
1659 2135 1748 2161 noctis
1767 2135 1821 2161 ﬂa-

1035 2167 1112 2202 gellis
1135 2169 1288 2195 acrioribus
1304 2167 1422 2195 alliciens
1433 2167 1445 2198 ξ
1459 2169 1650 2195 seiscitabalur
1666 2171 1822 2204 apostolica

1036 2203 1231 2236 distractione,
1249 2211 1333 2237 quare
1345 2211 1451 2238 gregem
1463 2224 1469 2235 .
1490 2212 1570 2238 quem
1587 2204 1638 2231 sibi
1655 2203 1714 2238 ipse
1729 2207 1820 2231 credi-

1002 2231 1022 2257 n
1037 2239 1132 2270 derat,
1149 2231 1327 2272 relinqueret,
1345 2231 1450 2266 velveui
1464 2231 1609 2273 pastorum
1633 2231 1698 2266 oves
1713 2239 1821 2267 Christi

1036 2274 1063 2300 in
1081 2274 1170 2301 medio
1194 2274 1318 2308 luporum
1335 2274 1438 2308 positas
1456 2274 1563 2308 fugietis
1579 2274 1637 2308 ipse
1648 2275 1803 2302 dimitteret
1811 2276 1822 2302 τ

1034 2311 1074 2335 An
1090 2309 1158 2345 mei,
1176 2309 1279 2344 inquit,
1295 2309 1396 2345 oblitus
1417 2317 1447 2345 es
1461 2309 1576 2345 citcmpli
1588 2329 1594 2340 .
1616 2310 1663 2343 qui
1685 2318 1735 2343 pro
1756 2319 1822 2345 pain

1034 2344 1104 2371 vulis
1117 2343 1230 2376 Christi,
1241 2351 1310 2378 quos
1321 2344 1386 2370 tuihi
1403 2344 1430 2370 in
1442 2344 1571 2370 indicium
1589 2352 1645 2371 suae
1661 2343 1822 2372 dilectionis

1033 2379 1288 2410 commendaverat,
1304 2379 1411 2405 vincula
1423 2399 1429 2411 ,
1448 2379 1576 2411 verbera,
1595 2388 1731 2411 carceres,
1750 2381 1815 2407 allii-

1034 2415 1153 2446 ctiones,
1172 2414 1257 2449 ipsam
1277 2418 1414 2448 postremo
1437 2421 1551 2441 ῐιιοιιιειη
1564 2435 1570 2442 ν
1590 2419 1704 2442 mortem
1725 2421 1822 2443 autent

1033 2449 1124 2476 erucis
1144 2448 1347 2476 ab’intidelibus
1369 2452 1395 2476 et
1411 2449 1531 2476 inimicis
1553 2449 1654 2476 Christi
1674 2450 1733 2484 ipse
1755 2459 1822 2477 cun.

1033 2485 1142 2520 Christo
1155 2484 1328 2520 cor0nandus
1348 2484 1463 2518 pertuli?
1487 2484 1533 2511 llis
1551 2484 1580 2511 Β.
1600 2485 1672 2512 Petri
1700 2485 1822 2520 ﬂagelli:

1034 2519 1114 2546 simul
1127 2523 1153 2545 et
1168 2519 1403 2546 exhortationibus
1421 2519 1558 2546 animatus
1575 2519 1692 2547 famulus
1712 2519 1822 2547 Christi

1032 2554 1204 2585 Laurentius,
1218 2562 1279 2580 mox
1296 2562 1374 2581 tuane
1392 2554 1463 2581 l'aeto
1474 2555 1547 2581 vertit
1559 2555 1592 2581 ad
1606 2563 1707 2590 regem,
1730 2561 1757 2583 et
1777 2564 1825 2582 re—

1032 2593 1104 2616 tecto
1123 2590 1295 2620 vestimento,
1316 2591 1425 2623 quantis
1441 2594 1513 2617 esset
1533 2590 1692 2616 verberibus
1715 2591 1826 2617 lacera-

1032 2629 1086 2655 tus,
1105 2625 1128 2650 ei
1144 2624 1272 2651 ostendit.
1289 2624 1340 2656 Qui
1359 2625 1472 2650 tnulturn
1487 2625 1611 2656 miratus,
1629 2629 1655 2651 et
1672 2626 1825 2658 inquirens

1032 2660 1093 2694 quis
1111 2662 1186 2685 tanto
1207 2660 1265 2685 viro
1282 2659 1351 2686 tales
1367 2663 1439 2686 esset
1461 2667 1544 2686 ausus
1563 2660 1654 2694 plagas
1671 2660 1801 2694 inﬂigere
1815 2681 1823 2691 .

1032 2699 1060 2721 ut
1085 2694 1188 2721 audivit
1210 2695 1274 2728 quia
1301 2702 1383 2721 causa
1406 2702 1463 2722 sua:
1493 2696 1589 2722 salutis
1612 2695 1758 2729 episcopus
1785 2696 1822 2723 at

1032 2730 1154 2764 apostolo
1181 2730 1282 2756 Christi
1306 2733 1381 2755 tanta
1406 2734 1479 2757 esset
1505 2734 1639 2756 tormenta
1667 2731 1822 2764 plagasque

1031 2772 1146 2798 passus,
1169 2765 1294 2791 extimuit
1318 2765 1449 2796 multum,
1473 2769 1553 2799 atque
1585 2766 1824 2792 anathematizato

1031 2800 1103 2826 omni
1122 2799 1280 2826 idololatria:
1294 2800 1385 2830 cultu,
1407 2800 1532 2827 abdicato
1549 2801 1686 2827 connubio
1699 2808 1754 2827 non
1778 2801 1822 2826 le—

1031 2834 1140 2868 gitimo,
1165 2835 1284 2869 suscepit
1302 2835 1381 2862 ﬁdem
1399 2836 1518 2866 Christi,
1539 2839 1565 2862 et
1583 2835 1748 2870 baptizatus,
1765 2835 1826 2861 Ee—

1031 2870 1119 2896 clcsia:
1147 2870 1238 2902 rebus,
1256 2875 1388 2904 quantum
1403 2871 1499 2903 valuit,
1517 2871 1544 2898 in
1566 2871 1694 2898 omnibus
1714 2878 1817 2898 consu-
