1929 3092
183 165 234 194 ’7⁸5
719 167 746 194 S.
770 167 918 195 DlONYSll
938 164 1168 194 AREOPAGITA‘]
1742 160 1794 191 Titi

181 226 246 251 tiam
269 221 486 259 industriamque
500 222 627 259 exigeret,
645 221 788 259 confestim
801 226 831 259 ut
844 222 972 259 Arelaten
988 223 1167 259 ventum_est_,
1182 219 1250 246 actis
1265 219 1383 253 primum
1398 218 1506 259 ductori
1523 226 1554 259 ac
1565 219 1723 259 sospitatori
1736 221 1795 249 Deo

181 267 263 294 super
275 265 408 294 prospera
421 255 593 294 navigatione
605 261 633 284 et
647 257 719 283 felici
736 258 851 294 appulsu
872 257 981 291 gratiis.
1001 263 1033 283 ρο
1050 256 1312 294 cogitationesnsuas
1329 261 1426 281 omnes
1442 255 1485 280 vir
1498 255 1729 294 sapieiitissimusg
1744 264 1796 291 ap-

181 289 287 329 plicuit;
305 289 388 329 ut'de
407 289 495 319 totius
515 292 607 319 Galliae
631 296 715 324 statu,
737 289 961 329 siiiguloruiuque
984 292 1146 329 populorum
1170 289 1385 329 moribushquae.
1404 289 1641 329 praesentiforent
1666 289 1795 329 instituto

181 323 347 360 necessaria,
359 328 438 361 plene
451 332 646 361 cognosceret;
663 331 720 354 tum
734 323 798 354 vero
811 327 845 354 de
864 323 1041 361 dimittendis
1060 332 1279 361 quaquaversum
1297 323 1402 351 idoneis
1418 325 1519 361 operis,
1543 325 1635 351 habito
1650 333 1713 353 cum
1733 327 1792 354 suis

180 363 306 391 consilio.
323 359 453 392 suaviter.
470 359 499 388 ut
515 362 562 388 Dei
581 362 706 389 suaderet
720 363 817 397 gloria,
835 362 1004 396 disponeret.
1020 359 1113 395 Neque
1129 367 1194 386 vero
1207 359 1318 397 adﬂliaec
1341 359 1495 397 praestanda
1518 360 1583 397 urbs
1598 362 1791 394 opportunior,

181 404 227 425 aut
239 398 315 424 locus
330 397 508 428 commodior,
520 405 602 431 quam
619 397 664 423 tibi
680 393 752 424 nunc
766 402 854 427 erant,
871 393 957 430 qiimri
971 393 1100 431 optariver
1111 399 1226 431 poterat.
1241 394 1346 428 Quippe
1360 393 1394 420 ad
1407 401 1488 431 quam
1500 395 1598 431 urbem
1615 393 1743 430 frequens
1757 404 1791 423 ex

180 433 253 460 omni
276 433 360 459 Gallia
377 429 612 460 concursus-erat.
625 439 678 458 non
690 433 804 459 aliorum
818 429 912 463 modo,
928 431 976 458 sed
991 429 1075 458 etiam
1088 430 1306 465 Christianorum
1320 437 1327 461 ;
1343 436 1358 455 a
1377 429 1477 463 quibus
1492 429 1560 456 disci
1583 429 1699 464 poterat.
1716 432 1791 465 quod

182 477 202 495 s.
214 469 252 494 ire
267 467 299 494 ad
315 471 413 494 rectam
431 466 557 494 Ecclesiae
572 467 834 494 administrationem
853 467 916 492 boni
937 466 1054 500 pastoris
1077 466 1232 492 interesset.
1255 464 1303 500 Hic
1317 471 1381 498 ergo
1397 464 1555 497 aliquandiu
1574 465 1698 492 substitit
1717 464 1731 491 ί
1745 467 1791 493 hic

180 503 350 530 Christianos
364 502 514 536 recollegit,
529 501 573 528 hic
588 502 742 534 recensuit;
758 503 801 528 hic
815 501 892 528 Pauli
913 499 943 528 et
955 500 1094 535 Trophimi
1109 500 1217 536 fructus
1229 499 1522 536 laborumrecognovit
1537 507 1543 525 :
1559 500 1602 527 hic
1614 507 1628 526 ιι
1645 501 1789 532 fratribus,

182 539 330 572 praesertim
346 543 360 562 a
375 533 564 563 sacerdotibus
581 540 608 563 et
624 536 758 568 diacoiiis,
771 537 882 571 quinam
905 533 1067 570 superstites
1082 535 1171 572 adhuc
1187 539 1279 562 essent
1298 535 1325 560 in
1346 533 1432 572 Gallia
1453 535 1585 572 episcopi.
1605 539 1633 561 et
1653 535 1705 572 ubi
1723 544 1791 564 suas

181 569 258 599 sedes
280 572 412 601 finissent.
435 580 504 604 quas
519 571 671 598 animarum
687 569 790 599 messes
806 569 947 602 fecissent,
962 578 1032 605 quas
1051 570 1224 605 potissimum
1243 573 1332 596 terras
1351 569 1459 596 steriles
1474 570 1645 605 incultasque
1659 571 1790 605 reliquis-

181 612 251 637 sent.
265 607 418 641 perdidicit.
437 606 505 633 Tum
521 614 586 633 vero
602 606 696 633 accitis
709 607 735 633 in
749 606 901 641 consilium
909 604 1063 641 collegisiet
1076 605 1225 641 sodalibus,
1242 604 1388 638 auditaque
1401 611 1484 641 super
1498 604 1790 641 quibus'deliberaba-

180 649 224 668 tur
241 639 385 672 siiiiteiitia,
406 641 523 676 denique
544 641 616 675 quod
631 642 762 674 optimum
785 641 869 672 factu,
892 639 1006 668 Domino
1022 640 1077 667 Deo
1091 639 1175 674 (quod
1191 644 1388 676 semperante
1403 640 1494 676 omnia
1517 640 1620 667 solebat
1639 641 1790 668 observare

181 676 296 710 negotia)
313 677 448 711 invocato.
462 674 538 711 siiaiii
553 674 710 710 unicuique,
725 677 750 703 in
767 684 819 711 qua
834 676 989 707 desudaret,
1001 676 1168 711 provinciam
1182 674 1342 711 designavit.
1358 674 1507 711 Saturnino
1521 675 1691 709 Aquitaniam
1702 676 1786 711 (1-3),

179 711 298 738 Luciaiio
320 710 501 742 Bellovacum,
522 709 783 742 SanctinoMeLlas,
797 710 899 746 Regulo
914 710 1051 746 Arelaten,
1067 710 1198 745 Eutropio
1214 709 1360 746 Santonas,
1382 710 1443 735 aliis
1460 710 1628 746 aliasrurbes
1647 709 1789 738 tractusve

178 747 206 773 in
222 747 280 773 solo
296 746 399 773 Gallico
412 746 558 772 commisit.
579 746 691 781 Atrvero
706 744 873 777 Marcellum,
893 753 972 780 quem
990 750 1016 772 et
1033 744 1182 781 Eugenium
1201 744 1324 781 nonnulli
1337 748 1435 781 vocant
1450 745 1486 779 (ὅ)
1503 745 1584 779 (idem
1608 746 1680 772 enim
1694 754 1757 773 esse
1773 755 1788 772 a

179 782 272 808 multis
285 781 424 815 creditur).
436 780 563 815 Hispanis
578 789 593 807 e
608 780 705 812 Gallia,
724 785 753 808 ut
767 781 896 808 credibile
909 784 961 812 est,
979 781 1079 807 auxilia
1095 780 1281 814 poscentibus,
1296 787 1359 806 cum
1375 780 1450 814 prius
1464 788 1526 806 eum
1543 785 1663 807 creasset
1679 783 1788 815 episco-

179 824 253 850 pum,
277 816 353 842 misit
378 817 404 842 in
429 814 597 850 Hispaniam.
619 816 678 850 Ipse
696 820 785 843 autem
807 815 954 850 Dionysius
974 823 1068 848 agrum
1093 815 1288 845 Parisiensem,
1309 822 1363 848 quo
1383 814 1451 841 nihil
1475 819 1533 841 erat
1554 823 1586 842 ea
1611 814 1786 849 tempestate.

178 849 308 885 quantum
327 852 360 878 ad
383 850 460 877 fidem
480 849 660 885 pietatemque
685 855 801 885 spectat.
817 849 948 877 incultius
968 854 1049 884 atque
1073 851 1219 886 agrestius,
1246 850 1298 877 sibi
1318 849 1496 886 excolendum
1510 851 1677 886 reservavit.
1702 851 1787 878 Decet

177 886 260 918 enim,
273 891 302 913 ut
314 886 341 912 in
356 886 451 912 militia
467 886 654 921 imperatores,
665 886 705 913 sic
716 886 799 921 ws
810 886 838 912 in
851 885 970 913 Ecclesia
979 887 1082 920 primos
1093 885 1241 921 antistites,
1254 892 1300 911 eas
1309 885 1450 921 potissime
1464 885 1515 911 sibi
1530 889 1620 919 partes
1632 893 1785 918 assumere,

178 929 238 955 quae
253 921 313 956 plus
332 921 480 956 laborisrac
501 920 666 948 dili‘icultatis
683 920 774 947 secum
793 921 973 956 atl'eraiit;rut
990 929 1024 948 ne
1037 924 1091 956 tam
1114 920 1229 956 imperio
1242 920 1377 956 subditos
1395 927 1470 956 suos.
1488 928 1541 954 quo
1557 921 1651 950 velint,
1673 922 1785 955 pellere,

178 955 261 990 quam
273 956 396 990 exemplo
411 955 444 981 ad
457 963 552 990 magna
568 959 650 989 atque
668 955 753 982 ardua
769 960 830 990 post
842 963 872 983 se
885 955 993 982 trahere
1008 955 1161 982 videantur.
1178 955 1264 981 Nimis
1280 957 1348 981 dura
1362 955 1434 980 enim
1449 959 1477 981 et
1487 955 1616 990 isuperba
1637 961 1787 983 censentur

178 989 302 1025 imperia,
316 989 376 1017 cuin
391 990 497 1017 labores
509 995 535 1017 et
551 991 670 1024 pericula
684 989 902 1021 committuntur,
918 994 946 1017 et
959 989 1058 1017 desunt
1073 990 1206 1024 exempla.
1223 989 1342 1016 Cavebat
1357 990 1471 1024 proinde
1487 989 1630 1024 Dionysius
1646 991 1673 1017 in
1689 998 1784 1018 eorum

177 1033 238 1053 esse
253 1033 378 1056 numero,
394 1026 440 1059 qui
454 1025 522 1052 alios
535 1025 639 1051 duriter
651 1029 780 1056 tractant.
797 1026 848 1060 ipsi
863 1026 980 1052 molliter
992 1026 1097 1052 vivunt.
1112 1025 1167 1052 Nec
1182 1025 1253 1052 enim
1270 1025 1320 1051 hoc
1335 1032 1350 1050 a
1363 1025 1445 1051 Paulo
1460 1029 1625 1060 prmccptore
1639 1025 1784 1058 didicerat,

178 1069 226 1087 nec
247 1061 275 1088 iii
298 1061 352 1087 ullo
375 1061 559 1094 apostolorum
577 1060 693 1089 viderat.
710 1068 761 1087 nec
784 1059 842 1095 ipse
865 1060 997 1087 hactenus
1012 1060 1054 1087 vel
1074 1068 1122 1094 per
1144 1060 1280 1095 somnium
1301 1060 1445 1093 cogitarat.
1465 1059 1530 1086 Nam
1550 1059 1671 1095 ivistigia
1692 1062 1786 1095 gloriae

179 1095 235 1128 Dei,
255 1103 314 1131 quae.
337 1099 366 1122 ut
382 1093 527 1131 plurimum
542 1095 568 1120 in
584 1096 727 1131 periculis.
747 1095 773 1122 in
795 1093 945 1131 laboribus.
966 1096 992 1121 in
1013 1093 1154 1126 atruinnis,
1174 1095 1202 1121 in
1218 1093 1291 1121 factu
1315 1095 1418 1124 arduis.
1435 1095 1462 1121 in
1479 1103 1608 1130 perpessu
1624 1093 1731 1130 asperis
1751 1097 1786 1123 il-

177 1129 290 1158 lustrius
303 1129 554 1165 deprehenduntur,
575 1134 705 1165 tanquam
721 1130 809 1158 bonus
824 1130 927 1158 Christi
943 1132 1087 1158 venaticus
1102 1137 1209 1164 semper
1229 1133 1256 1156 et
1275 1130 1301 1165 in
1323 1130 1450 1157 omnibus
1471 1129 1606 1165 sagaciter
1624 1129 1783 1165 indagabat,

177 1171 204 1192 et
225 1174 272 1200 per
288 1164 380 1192 illa’ad
396 1172 502 1199 opimas
522 1164 675 1192 animai-uin
694 1166 798 1199 praedas
817 1173 900 1193 cursu
918 1165 1080 1200 infatigabili
1096 1165 1269 1200 properabat.
1287 1164 1407 1191 Detinuit
1427 1164 1535 1226 quidem
1553 1166 1627 1191 illum
1644 1164 1785 1200 aliquanto

177 1202 266 1226 snatio
278 1201 344 1226 urbs
358 1200 475 1226 Arelate.
491 1199 538 1226 sed
555 1199 689 1226 ingentem
705 1201 786 1226 paulo
806 1201 938 1226 lonizioris
954 1200 1010 1226 illic
1029 1208 1111 1226 morm
1125 1200 1244 1226 fructum
1262 1199 1333 1226 Deus
1348 1205 1426 1226 osten
1447 1205 1515 1226 erat.
1529 1200 1589 1226 Jam
1604 1199 1686 1226 Nero.
1704 1210 1785 1226 mon-

177 1199 266 1235 spatio
278 1201 344 1228 urbs
358 1200 475 1230 Arelate,
491 1199 538 1227 sed
555 1199 689 1235 ingentem
705 1201 786 1234 paulo
806 1201 938 1235 longioris
954 1199 1010 1227 illic
1029 1199 1111 1227 mora:
1125 1200 1244 1226 fructum
1262 1199 1333 1226 Deus
1348 1199 1515 1227 ostenderat.
1529 1200 1589 1227 Jam
1604 1199 1785 1232 Nero,’mon-

177 1240 264 1262 Sll‘llm
283 1235 373 1270 potius
388 1235 508 1261 hominis
522 1243 602 1269 quam
628 1236 718 1266 homo,
740 1240 873 1270 tyrannus
893 1235 997 1263 scilicet
1013 1236 1120 1270 qualem
1135 1235 1225 1270 adhuc
1245 1238 1321 1261 terra
1345 1243 1399 1262 non
1419 1235 1529 1266 tulerat,
1553 1236 1660 1263 cunctis
1681 1244 1783 1264 exosus

177 1269 334 1305 invisusque
353 1271 525 1299 mortalibus,
540 1269 645 1296 debitas
661 1278 716 1296 sme
731 1269 894 1305 importuna:
911 1269 1080 1297 crudelitatis
1099 1278 1193 1305 poenas
1208 1269 1262 1297 Deo
1278 1270 1436 1304 sanctisque
1455 1271 1586 1304 apostolis
1605 1272 1760 1298 exsolverat
1775 1281 1783 1299 :

177 1313 226 1331 nec
240 1307 292 1332 alia
313 1305 421 1340 quidem
444 1305 526 1339 (quod
541 1305 727 1336 deteri-iniuiii,
743 1310 769 1332 et
787 1312 875 1332 tamen
887 1305 1083 1340 justissimuin)
1095 1313 1177 1340 quam
1194 1312 1242 1332 sua
1257 1312 1351 1336 manu,
1364 1311 1394 1331 ut
1409 1306 1527 1340 pessimo
1542 1305 1648 1332 scilicet
1661 1308 1785 1334 victoriae

176 1348 284 1374 genere,
301 1339 346 1374 qui
361 1341 429 1366 alios
449 1344 511 1366 ante
527 1347 557 1366 se
572 1348 667 1367 omnes
687 1340 829 1367 barbarica
850 1341 1012 1368 crudelitate
1036 1339 1147 1371 vicerat,
1164 1340 1235 1367 idem
1258 1340 1300 1366 sui
1316 1339 1401 1374 ipsius
1425 1347 1491 1367 nece
1515 1341 1634 1372 seipsuni
1650 1342 1782 1369 vinceret.

179 1375 233 1402 lloc
250 1376 332 1410 igitur
348 1379 471 1402 monstro
491 1383 506 1402 ε
522 1375 590 1402 vivis
607 1376 724 1406 sublato,
741 1383 803 1402 cum
819 1376 881 1402 boni
905 1383 1000 1402 omnes
1016 1376 1161 1409 respirare,
1171 1379 1233 1411 itum
1248 1375 1289 1401 vel
1305 1375 1424 1402 maxime
1438 1375 1586 1402 Christiani
1606 1380 1704 1402 cuncta
1720 1385 1785 1411 spee

177 1418 237 1437 rare
251 1411 278 1436 in
299 1410 358 1437 dies
373 1411 483 1437 meliora
502 1419 507 1436 :
525 1410 624 1444 quibus
641 1411 764 1438 videlicet
780 1418 833 1437 non
849 1411 990 1446 minimum
1008 1410 1202 1446 promovenda:
1219 1414 1319 1437 sancta:
1337 1410 1459 1446 religioni
1476 1415 1666 1446 argumentum
1683 1410 1783 1446 suppe—

176 1445 292 1477 ditabat,
306 1446 378 1480 quod
394 1446 454 1478 ejus
469 1446 662 1479 persequenda:
684 1446 787 1480 primus
811 1450 908 1472 auctor
931 1446 954 1472 is
975 1444 1083 1477 fuisset,
1108 1445 1153 1479 qui
1179 1449 1253 1472 totus
1275 1453 1308 1471 ex
1332 1445 1481 1472 foedissima
1499 1444 1580 1480 atque
1602 1444 1783 1480 spurcissiiiv,

176 1481 303 1507 vitiorum
329 1481 452 1507 omnium
469 1480 587 1507 colluvre
601 1481 745 1512 conflatus,
761 1481 828 1507 nihil
845 1489 910 1512 non,
933 1481 1105 1515 iniquissimo
1121 1480 1252 1507 suadente
1269 1484 1349 1514 atque
1363 1480 1517 1515 impellente
1535 1482 1667 1513 daemone,
1690 1483 1783 1508 hacte-

176 1524 228 1542 nus
243 1515 533 1552 feceratnDocuerunt
551 1516 632 1550 igitur
649 1521 704 1552 tun_i
728 1515 874 1552 Dionysius
893 1521 920 1543 et
937 1516 1035 1552 cuncti
1050 1515 1198 1542 universim
1220 1515 1342 1552 omnium
1363 1515 1546 1552 Ecclesiaruiii
1562 1517 1696 1551 magistri,
1714 1525 1780 1552 pro-

177 1555 268 1585 pterea
282 1551 342 1577 neci
353 1551 432 1577 datos
446 1558 508 1577 esse
520 1553 628 1578 Petrum
646 1555 673 1577 et
688 1550 812 1581 Paulum,
828 1551 896 1578 duos
911 1550 1052 1585 religionis
1070 1554 1170 1577 nostris
1191 1550 1277 1586 multo
1297 1550 1418 1577 omnium
1438 1552 1665 1578 mansuetissimm
1680 1550 1782 1586 princi-

176 1593 234 1621 pes,
248 1586 319 1620 quod
345 1590 461 1620 tyranno
476 1586 720 1617 truculentissimo,
736 1594 768 1612 ac
788 1586 936 1613 teterriinis
951 1587 1011 1620 ejus
1034 1586 1120 1620 geniis
1142 1590 1223 1620 atque
1247 1585 1426 1615 daemonibus.
1453 1593 1468 1612 a
1487 1594 1603 1621 quorum
1623 1585 1736 1613 arbitrio
1755 1593 1782 1614 et

175 1625 242 1648 nutu
260 1621 380 1648 nefarius
392 1621 436 1648 ille
451 1621 569 1647 sicarius
581 1625 654 1648 totus
669 1621 812 1655 pendebat,
825 1628 956 1656 generose
968 1621 1083 1648 fuissent
1098 1621 1232 1647 adversati
1244 1629 1251 1652 ;
1266 1620 1354 1654 adque
1367 1620 1426 1653 ejus
1436 1620 1609 1648 exsecrandis
1623 1622 1781 1649 libidinibus

176 1660 258 1690 atque
278 1656 417 1690 spurcitiis
431 1663 501 1683 verae
514 1657 681 1683 castimoniae
696 1657 864 1683 honestatem
888 1657 1079 1690 praetulissent.
1102 1656 1138 1682 Ita
1160 1664 1215 1682 non
1232 1656 1367 1682 dillicilem
1381 1656 1415 1682 ad
1435 1664 1530 1683 eorum
1546 1664 1637 1688 aures,
1653 1658 1699 1691 qui
1718 1658 1781 1684 talia

176 1691 274 1717 mirum
289 1692 315 1717 in
328 1692 436 1717 modum
444 1691 793 1722 eth'rescebaiit,adituni
804 1698 865 1718 eum
879 1691 1056 1723 invenissent,
1071 1695 1127 1717 tum
1139 1691 1172 1718 ad
1184 1691 1365 1725 expromenda
1383 1691 1441 1718 fidei
1458 1696 1557 1719 nostra:
1569 1693 1730 1719 documenta
1749 1701 1782 1719 co

175 1726 302 1754 ﬁdentius
317 1726 491 1756 accedebant.
509 1734 563 1760 quo
577 1730 654 1753 erant
669 1734 730 1753 cum
746 1726 846 1753 virtute
863 1731 889 1753 et
905 1727 1008 1753 ratione
1031 1727 1229 1760 conjunctiora.
1246 1725 1287 1752 Ad
1312 1726 1384 1760 quod
1399 1727 1506 1760 quidem
1523 1727 1610 1761 palatii
1628 1727 1780 1753 faciendum

175 1761 281 1797 valebat
297 1762 341 1788 hic
354 1765 447 1788 noster
464 1762 635 1796 Areopagita,
659 1770 720 1788 cum
743 1762 904 1788 auctoritate
925 1761 1015 1797 magni
1035 1761 1165 1797 nominis,
1181 1765 1238 1787 tum
1260 1761 1566 1797 prmcipuenineredibili
1590 1762 1705 1797 quadam
1726 1770 1782 1789 ραι-ι

176 1796 241 1823 litus
256 1796 381 1830 iiispirati
402 1796 535 1823 sermonis
548 1795 645 1830 gratia,
655 1796 698 1823 cui
708 1799 734 1823 et
745 1797 786 1823 vis
798 1797 885 1823 inerat
896 1801 922 1823 et
938 1795 1015 1831 copia
1026 1796 1134 1823 dicendi
1145 1796 1376 1830 incomparabilis.
1392 1795 1466 1823 Unde
1475 1797 1561 1824 bonlis
1580 1795 1781 1824 Arelatensium

175 1839 304 1867 numerus
319 1831 419 1867 sensim
433 1832 618 1867 eumrsectari,
633 1832 776 1866 degustare
789 1832 881 1861 verba.
897 1832 1024 1859 demirari
1040 1832 1134 1863 vitam,
1156 1831 1283 1857 adamare
1298 1831 1421 1864 virtutes,
1438 1833 1579 1866 suspicere
1595 1837 1621 1859 et
1638 1833 1781 1867 suscipere

175 1866 359 1901 Evangelium.
375 1865 475 1893 Christi
495 1866 564 1892 facta
581 1865 795 1893 mutis’deorum
815 1866 970 1893 simulacris
992 1867 1143 1901 composita
1165 1870 1267 1900 quanto
1285 1870 1376 1893 essent
1394 1865 1578 1899 anteferenda,
1594 1875 1644 1894 suo
1670 1865 1782 1894 silentio

175 1902 305 1935 primum,
320 1901 418 1928 deinde
433 1909 500 1937 voce
514 1905 542 1927 et
553 1902 773 1935 comprobatione
786 1903 933 1928 contestari
947 1910 953 1934 ;
970 1906 1107 1936 postremo
1122 1901 1234 1937 deorum
1250 1908 1369 1937 suorum
1389 1903 1525 1936 potentiae,
1542 1910 1610 1936 quos
1632 1902 1744 1937 impune
1765 1911 1781 1929 a

175 1936 339 1972 Christianis
363 1936 500 1963 contemni
520 1939 546 1972 et
568 1937 762 1964 imbecillitatis
790 1937 912 1971 sugillari
933 1938 1066 1968 viderent,
1090 1936 1220 1971 paulatim
1241 1936 1378 1972 difﬁdere;
1399 1945 1460 1964 cum
1477 1945 1541 1964 vero
1560 1942 1586 1963 et
1608 1936 1731 1972 prodigia
1753 1938 1781 1964 in

175 1971 284 1998 nomine
295 1970 359 1998 Jesu
375 1972 432 2006 (qui
448 1971 559 2007 honoris
572 1973 658 2006 gratia
669 1971 748 1998 nobis
765 1970 872 2006 semper
887 1973 1069 1998 nominandus
1086 1970 1139 2007 est)
1154 1979 1340 2005 smpeiiuniero
1356 1971 1426 1998 facta
1442 1979 1513 2003 esse,
1530 1977 1557 1999 et
1572 1970 1627 2000 noii
1643 1970 1705 1999 raro
1721 1973 1782 2000 lieri

175 2007 287 2037 scirent,
305 2014 352 2033 seu
372 2007 400 2034 in
421 2006 562 2041 abigendis
575 2007 753 2037 daemonibus,
769 2014 816 2034 seu
839 2007 866 2032 in
881 2007 1074 2041 propulsandis
1089 2007 1201 2039 morbis,
1217 2010 1272 2032 tum
1288 2011 1380 2041 aperte
1394 2007 1517 2041 religioni
1539 2015 1637 2034 manus
1657 2007 1734 2040 dare,
1753 2014 1782 2035 et

174 2042 273 2068 diriute
287 2042 379 2068 virtuti
396 2041 485 2068 fasces
501 2041 573 2068 haud
588 2042 672 2069 invite
685 2042 854 2069 submittere.
870 2042 928 2068 Non
942 2044 1017 2076 prius
1030 2042 1111 2076 igitur
1125 2048 1274 2076 generosus
1284 2042 1385 2068 Christi
1398 2043 1498 2069 athleta
1517 2042 1645 2070 discessit
1658 2042 1781 2076 Arelate,

174 2085 254 2111 quam
271 2082 297 2103 et
315 2077 429 2104 multum
444 2077 494 2103 sub
511 2076 588 2103 ducis
603 2077 645 2104 sui
667 2077 765 2103 vexillo
782 2077 909 2111 populum
925 2078 1145 2111 conscripsisset,
1162 2082 1189 2103 et
1206 2077 1284 2111 longe
1305 2077 1457 2104 clarissima
1478 2085 1534 2104 sua:
1554 2078 1663 2105 virtutis
1680 2078 1781 2104 ibidem

174 2112 328 2146 reliquisset
343 2113 476 2147 impressa
488 2111 615 2147 vestigia.
631 2112 695 2138 Erat
710 2112 775 2138 inibi
789 2112 881 2138 fanum
892 2113 1040 2147 quoddam.
1053 2112 1144 2146 populi
1157 2112 1231 2138 cultu
1245 2120 1276 2138 ac
1290 2113 1464 2139 veneratione
1478 2113 1505 2139 in
1521 2113 1617 2147 primis
1632 2117 1780 2147 augustum

175 2154 206 2173 ac
226 2148 342 2178 celebre,
368 2147 464 2183 inquo
485 2146 578 2173 Martis
594 2151 682 2173 statua
700 2148 735 2181 (4)
759 2148 875 2182 publicis
897 2147 1102 2183 impcrtichatur
1119 2147 1268 2183 honoribus
1288 2155 1293 2172 ί
1313 2148 1382 2174 hanc
1404 2146 1529 2174 statuam,
1547 2146 1702 2183 Dionysius,
1725 2156 1783 2182 quo

175 2190 265 2208 veram
283 2182 363 2209 unius
385 2182 432 2218 Dei
460 2182 606 2216 potentiam
638 2187 783 2214 astrueret,
809 2183 866 2209 sola
890 2182 974 2218 divmi
997 2182 1310 2218 noiiiinisﬂinvocatione
1331 2182 1449 2217 disjecit,
1472 2183 1658 2218 ditl'regitqne;
1687 2184 1781 2210 fanum

174 2225 238 2243 vero
259 2217 347 2252 ipsum
360 2217 434 2244 omni
455 2221 586 2243 hactenus
601 2223 741 2244 sacrorum
755 2217 985 2253 exsecrandorum
1000 2217 1168 2251 turpitudine
1188 2217 1371 2251 inquinatum,
1383 2222 1410 2244 et
1423 2218 1590 2245 stultissima
1606 2219 1783 2253 superstitio-

174 2253 217 2287 nis
231 2252 420 2286 indignissima
436 2253 554 2279 vanitate
568 2253 712 2286 pollutum,
734 2260 796 2279 cum
813 2252 864 2279 rite
884 2257 1086 2287 perpurgasset,
1109 2253 1290 2280 sanctissimis
1306 2253 1447 2279 beatorum
1465 2254 1650 2286 apostolorum
1666 2252 1739 2280 Petri
1754 2258 1783 2280 et

173 2285 250 2313 Pauli
262 2285 418 2314 nominibus
433 2292 459 2314 et
475 2285 635 2319 honoribus,
651 2295 705 2314 non
722 2287 806 2313 invito
824 2285 924 2322 popqu
934 2285 1052 2322 '(quippe
1066 2292 1232 2323 patratorum
1249 2288 1283 2314 ab
1302 2288 1336 2315 iis
1352 2285 1536 2323 prodigiorum
1550 2287 1606 2322 jam
1621 2290 1734 2314 conscio
1752 2294 1782 2315 et

173 2322 345 2357 adiiiiratore)
360 2323 540 2354 consecravit,
557 2323 709 2357 ibidemque
723 2323 911 2356 baptisterium
924 2323 1104 2356 originalibus
1114 2322 1259 2349 eluendum
1276 2324 1389 2350 maculis
1401 2322 1553 2350 collocavit.
1567 2323 1634 2350 Nam
1650 2323 1782 2351 miriticas

172 2363 266 2393 eorum
285 2361 397 2384 virtutes
411 2361 438 2383 et
454 2357 570 2392 insignia
586 2358 613 2384 in
628 2365 723 2384 omnes
737 2358 864 2384 mortales
888 2357 1018 2384 beneticia
1034 2358 1104 2392 (quae
1117 2358 1215 2392 partim
1232 2358 1259 2384 in
1281 2357 1488 2392 Evangeliorum
1503 2358 1608 2389 codice,
1625 2358 1724 2393 partim
1751 2358 1781 2385 iii

172 2399 205 2418 eo
222 2392 267 2425 qui
283 2392 366 2428 A_ctus
384 2393 569 2428 apostolorum
584 2393 753 2423 inscribitur,
771 2393 858 2420 fusius
878 2396 1015 2427 repertum
1031 2393 1063 2419 iri
1079 2393 1226 2428 indicabat)
1248 2393 1366 2419 breviter
1380 2393 1433 2420 illis
1445 2398 1607 2428 exposuerat
1620 2392 1630 2425 ;'
1647 2394 1783 2426 quemad-

173 2427 282 2463 modum
300 2426 397 2454 Petrus
413 2427 526 2463 scilicet,
540 2428 617 2461 quasi
632 2428 769 2463 quispiam
782 2429 843 2454 vitae
857 2428 1006 2461 mortisque
1015 2428 1198 2461 dispensator,
1211 2426 1270 2454 solo
1289 2429 1373 2454 verbo
1387 2429 1454 2455 alios
1469 2426 1577 2462 quidem
1590 2429 1650 2455 neci
1668 2432 1784 2462 propter

172 2461 253 2497 impia
276 2463 379 2488 scelera
399 2461 564 2494 tradidisset,
582 2461 649 2489 alios
665 2461 754 2489 autem
773 2464 836 2489 vitae
848 2463 883 2489 ob
904 2463 1003 2489 eximia
1023 2463 1162 2489 benefacta
1183 2462 1354 2490 reddidisset.
1380 2463 1446 2489 Nam
1468 2461 1601 2490 Anaiiiaiii
1618 2463 1727 2497 quidem
1751 2468 1781 2490 et

173 2495 316 2530 Saphiram
337 2497 513 2532 memorabat,
533 2502 675 2531 propterea
689 2497 761 2532 quod
786 2498 891 2524 mentiti
908 2501 999 2524 essent
1017 2498 1129 2532 Spiritui
1146 2503 1251 2529 sancto,
1271 2498 1305 2524 ad
1327 2499 1414 2525 sancti
1435 2498 1506 2525 Petri
1525 2495 1783 2525 vocem-corruisse

172 2529 322 2567 mortuosI
337 2541 343 2557 :
357 2529 498 2557 Tabitham
513 2529 753 2566 vero—praeclaram
768 2531 896 2560 Ecclesia:
909 2529 1082 2566 discipulam,
1098 2540 1113 2558 a
1129 2535 1228 2567 pietate
1250 2533 1277 2559 in
1299 2533 1394 2560 viduas
1411 2533 1640 2564 commendatam,
1656 2533 1689 2559 ab
1704 2533 1779 2559 iiil‘e-

171 2565 210 2592 ris
228 2565 348 2599 ejusdem
364 2571 480 2602 evocatu
491 2567 544 2602 luci
559 2565 620 2594 esse
638 2568 769 2594 redditam
785 2573 798 2587 υ
817 2577 823 2593 :
842 2568 908 2602 quin
922 2572 949 2594 et
961 2565 1019 2594 sola
1032 2569 1092 2599 ejus
1112 2565 1207 2594 umbra
1224 2576 1402 2602 quoscunque
1416 2569 1538 2596 inlirmos
1559 2568 1686 2602 perfecta:
1702 2574 1782 2594 sani.

171 2601 223 2638 tati
239 2607 300 2638 esse
315 2601 499 2638 restitutos}.
515 2600 628 2628 Paulum
643 2607 733 2638 autem
748 2610 763 2628 e
776 2600 878 2629 Christi
893 2607 1068 2637 persecutore
1081 2600 1244 2637 discipulum
1268 2600 1461 2638 nonnunquam
1478 2604 1506 2629 in
1525 2600 1610 2630 cuélos
1626 2608 1732 2636 raptuni
1751 2607 1779 2633 ο,

171 2642 204 2672 ea
218 2636 284 2672 inibi
300 2636 400 2663 vidisse
414 2636 615 2670 audivisseque.
632 2637 732 2671 quibus
748 2638 924 2664 enuntiandis
937 2638 1010 2664 nulla
1030 2638 1121 2672 lingua
1137 2636 1244 2670 idonea,
1262 2639 1335 2665 nulla
1350 2636 1398 2672 par
1411 2646 1474 2665 esse
1489 2643 1581 2672 posset
1598 2640 1705 2668 oratio;
1728 2638 1780 2664 scd

170 2670 364 2709 miraculorum
382 2672 494 2709 insuper
509 2673 621 2709 minime
632 2670 784 2709 vulgarium
799 2672 1060 2709 fulgorewinsignitei‘
1072 2670 1242 2709 coruscasse.
1257 2673 1324 2709 Nam
1340 2670 1367 2700 et
1385 2670 1504 2709 Elymam
1522 2680 1628 2708 magum
1644 2673 1779 2709 doctrina:

170 2705 270 2732 Christi
282 2705 467 2743 resistentem,
484 2707 511 2732 in
523 2707 588 2743 ipso
602 2705 937 2743 “siiIIOIIICDIOVOCIlliS
952 2705 1065 2743 orbasse
1078 2707 1091 2726 ἀ
1105 2716 1112 2741 ;
1128 2713 1156 2735 et
1169 2709 1237 2735 alias
1255 2708 1371 2735 illiil‘ltlis
1387 2705 1465 2743 longe
1490 2705 1615 2741 plurimis
1631 2707 1780 2734 incolumi-

171 2745 264 2772 tatem,
283 2742 399 2777 mortuis
414 2749 476 2777 vero
492 2742 574 2767 etiam
590 2742 729 2768 nonnullis
751 2742 882 2769 amissam
899 2744 982 2769 vitam
1000 2742 1163 2775 redonasse;
1180 2743 1297 2777 denique
1316 2744 1352 2770 ita
1375 2748 1520 2777 utrumque
1534 2744 1644 2772 vixisse.
1662 2747 1692 2768 ut
1706 2743 1778 2769 nihil

171 2782 290 2810 unquam
307 2776 334 2803 iii
349 2776 470 2813 moribus
484 2780 563 2810 turpe
573 2781 623 2813 aut
638 2777 785 2810 vitiosum;
808 2777 845 2803 ita
864 2777 1002 2809 docuisse,
1020 2781 1050 2803 ut
1071 2778 1139 2804 nihil
1154 2779 1180 2805 in
1194 2776 1317 2805 doctrina
1334 2779 1432 2806 falsum
1449 2776 1495 2805 aut
1516 2779 1721 2813 perniciosum;
1738 2778 1777 2804 ita

170 2816 305 2844 postremo
319 2811 479 2843 excessisse,
501 2815 530 2838 ut
552 2812 619 2838 nihil
641 2813 668 2838 in
691 2817 777 2839 morte
801 2813 937 2846 obiectum
958 2817 1005 2839 aut
1027 2813 1237 2846 ignominiosum
1256 2814 1420 2842 deprehendi
1445 2822 1460 2840 ιι
1482 2811 1631 2849 quoquam,
1651 2817 1697 2839 aut
1713 2813 1778 2847 jure

210 2893 287 2916 πω.
305 2897 330 2921 ν,
346 2890 370 2917 1.
410 2896 422 2910 ι
438 2890 498 2918 Act.
517 2898 553 2923 is,
569 2891 612 2918 56.
652 2892 664 2911 b
681 2892 740 2918 Act.
758 2899 782 2922 v,
802 2891 841 2917 l3.
883 2896 893 2910 ε
911 2890 933 2918 ιι
947 2890 971 2917 (1η

607 2912 612 2918 .
652 2892 664 2911 1)
681 2892 740 2918 Act.
758 2899 782 2922 v,
802 2891 841 2917 l3.
883 2896 893 2910 ε
911 2890 933 2918 il
947 2890 1011 2917 Cor.
1028 2898 1076 2923 xii,
1091 2891 1116 2917 4.
1156 2890 1168 2910 ιι
1186 2891 1245 2918 Act.
1262 2899 1321 2923 λιιι,
1338 2892 1363 2918 3,
