1929 3092
139 183 182 210 ’ῖίΠ
599 182 695 216 ἮΤΑ,
710 182 812 211 AUCT.
830 183 860 210 P.
880 182 925 210 HA

977 181 1033 209 OIX
1053 182 1126 209 50C.
1146 181 1238 209 JESU.
1697 181 1747 209 798

139 245 189 265 sem
201 237 329 274 revisisse
342 236 703 274 Ecclesiamtﬁnitimasque
717 238 755 265 illi
772 239 855 266 urbes
871 240 934 266 olim
951 239 1005 274 sibi
1018 237 1268 274 excultastquippe
1285 242 1331 265 aut
1347 239 1403 271 illo.
1421 243 1467 266 aut
1491 243 1564 266 certe
1583 246 1636 266 non
1652 241 1746 274 procul

140 274 177 300 via
204 271 317 333 ferebat)
341 272 493 299 incredibili
510 272 618 299 illarum
632 271 814 301 Eeclesiarum
829 275 928 308 gaudio
946 273 1059 302 adiisse.
1076 276 1101 299 et
1119 271 1184 299 inibi
1207 271 1363 308 aliquandiu
1381 278 1579 301 commoratum
1600 271 1671 306 esse,
1687 275 1746 310 ipsa

140 307 278 333 persuadet
317 307 383 333 atris
397 307 425 333 in
438 307 538 333 liberos
553 308 684 333 Charitas.
699 308 770 333 Deus
787 309 871 333 bone!
889 310 934 333 nui
951 313 1011 333 tum
1029 308 1062 333 ad
1077 308 1162 333 ciVem
1178 315 1269 333 suum.
1285 309 1318 333 ad
1335 309 1484 333 duetorem.
1501 309 1534 333 ad
1551 313 1697 333 nastorem.
1712 311 1745 333 ad

139 307 278 343 persuadet
296 307 383 344 Patris
397 307 425 334 in
438 307 538 334 liberos
553 308 684 344 Charitas.
699 308 770 336 Deus
787 307 872 337 bone!
889 310 934 344 qui
951 313 1018 344 tum?
1029 308 1062 334 ad
1077 308 1167 344 civem»
1178 307 1269 344 suum,
1285 309 1319 335 ad
1335 309 1484 340 doctorem,
1501 309 1534 335 ad
1551 307 1746 344 pastoremfad

140 342 238 379 patrem
249 342 404 379 mortalium
417 350 579 379 concursus.
593 342 697 375 videre,
711 348 830 378 tangere,
847 342 987 379 amplecti,
1004 342 1265 379 dissuaviarirhunc
1285 345 1409 378 angelum
1434 344 1480 370 Dei
1503 342 1724 371 contendentium
1738 346 1745 372 l

139 377 246 411 Quoties
261 378 320 411 ejus
332 378 448 414 expetiti
460 379 654 414 congressusir
668 377 776 414 quoties
799 377 941 414 posuiI-{me
964 378 1183 405 exhortationes!
1210 378 1310 414 quibus
1323 377 1411 405 tamen
1425 379 1559 406 habendis
1574 380 1647 406 nulla
1663 379 1746 412 aedes,

140 413 229 454 minus
240 419 318 439 sacer
332 412 408 439 locus
425 413 466 454 ob.
475 413 562 454 sancti
575 413 667 454 populi
677 412 811 454 ’allluxuni
824 413 1017 454 satisﬁamplus
1035 420 1163 454 capaxve‘
1179 417 1248 454 erat.
1267 412 1351 454 Verba
1361 422 1442 448 porro
1460 414 1561 453 ipsius.
1579 415 1676 454 partim
1700 422 1744 442 re-

141 447 257 483 ferentis.
271 454 332 482 qua!
344 454 407 483 cum
423 447 496 479 alibi,
515 446 707 475 tum—maxime
732 448 759 475 in
782 447 867 475 Gallia
892 446 1014 476 fundatae,
1035 446 1127 474 essent
1142 446 1281 483 Ecclesiae,
1304 449 1350 483 qui
1361 446 1424 475 ‘eam
1442 446 1547 475 vineam
1561 446 1612 475 viri
1628 449 1748 477 illustres

140 482 295 519 coluissent,
310 482 483 519 colerentque
499 492 506 509 ι
520 490 600 516 quam
610 518 614 519 ν
626 483 755 518 praeclara
770 483 945 519 illicrnupera
964 483 989 509 in
1013 482 1204 519 persecutione
1222 483 1391 519 exstitissent
1406 488 1556 518 martyrum
1570 486 1719 511 certamina
1738 494 1746 511 :

140 518 236 553 partim
249 517 513 553 memorantiséquaa
528 518 556 544 in
571 517 634 545 Asia
660 526 778 553 prasens
792 517 915 550 vidisset,
930 525 993 553 quae
1017 517 1052 544 ab
1066 517 1127 544 aliis
1143 517 1303 549 audivisset,
1322 518 1355 545 de
1369 517 1504 552 discipulo
1528 519 1670 552 potissime
1689 519 1747 550 illo,

138 551 207 587 quem
220 551 346 588 diligebat
361 551 470 588 Jesusk,
483 557 509 580 et
526 561 606 587 quem
625 551 697 588 nunc
710 558 782 580 totus
799 554 872 580 orbis
888 551 1065 580 Christianus
1080 552 1158 588 unice
1172 557 1197 579 et
1213 553 1386 587 singulariter
1401 551 1549 584 deamaret.
1566 557 1593 580 et
1608 561 1656 588 pro
1669 553 1749 588 cujus

138 588 189 613 vita
205 591 237 623 et
247 587 432 623 incolumitate
447 592 508 614 vota
526 588 647 622 quotidie
663 587 782 621 faceret;
801 588 893 620 verba,
909 589 1033 623 inquam.
1050 587 1134 623 ipsius
1146 587 1203 623 haec
1215 592 1242 614 et
1263 589 1327 623 talia
1343 589 1450 622 publice
1465 587 1661 619 annuntiantis,
1676 587 1750 616 velut

139 622 255 658 caelestia
271 622 392 658 quaedam
407 623 516 649 oracula
532 621 717 658 cupidissimis
730 627 840 657 excepta
853 621 976 654 auribus.
995 622 1021 648 in
1037 621 1171 658 profunda
1186 622 1286 650 mentis
1300 621 1516 654 dimittebantur,
1532 627 1562 649 ut
1576 623 1610 649 ad
1625 627 1750 658 posteros

139 657 335 693 redundarent.
353 656 381 683 Id
403 662 493 684 autem
519 656 654 692 praecipue
676 656 819 693 Dionysius
834 659 985 692 spectabat,
1003 661 1032 693 ut
1053 657 1192 693 auditores
1208 665 1272 684 suos
1292 658 1325 684 ad
1340 665 1433 685 eorum
1449 666 1518 692 quos
1532 656 1706 692 praedicabat,
1722 663 1750 685 et

139 699 249 726 quorum
265 692 393 726 pulchras
409 699 440 718 ac
453 700 516 719 vere
530 700 625 719 aureas
638 693 670 719 de
688 692 750 723 title,
766 693 798 719 de
814 694 923 727 pietate,
939 694 971 720 de
988 692 1050 718 aliis
1065 692 1211 727 virtutibus
1223 693 1372 720 sententias
1387 693 1458 720 inter
1469 693 1614 719 dicendum
1630 693 1748 720 subinde

140 727 285 761 ingerebat,
296 727 482 758 reverentiam,
492 732 517 754 et
529 735 659 758 amorem,
675 731 702 754 et
717 726 894 755 imitationem
909 727 1074 755 stimularet.
1090 726 1200 753 Minime
1213 727 1285 754 enim
1301 735 1348 754 eos
1362 727 1510 755 audiendos
1524 735 1585 755 csse
1599 727 1707 754 dicebat
1720 731 1748 755 et

141 761 332 795 iugeminabat,
349 762 396 796 qui
412 761 519 797 diversa
535 762 569 789 ab
582 762 635 789 illis
651 762 755 796 magnis
771 763 838 791 viris
853 763 996 794 sentirent.
1014 762 1058 796 qui
1075 766 1152 797 suam
1163 761 1271 788 Christo
1286 762 1455 790 divinitatem
1472 762 1553 797 impie
1568 770 1600 789 ac
1616 763 1749 797 sacrilege
1776 788 1779 794 η

140 802 258 831 ereptum
275 797 356 829 irent,
371 796 418 831 qui
433 797 484 823 alia
499 805 580 831 quam
596 799 781 831 apostolorum
794 798 890 825 semita
903 798 1084 831 graderentur
1102 796 1243 831 (Ebionem
1258 797 1364 825 scilicet
1379 805 1411 824 ac
1425 797 1584 825 Cerinthum
1600 802 1627 824 et
1648 796 1752 825 similes

139 832 282 867 deuotabat
296 831 351 866 (44)
367 835 462 858 contra
476 840 546 867 quos
558 832 657 867 habere
672 840 701 859 se
717 833 883 859 luculentum
900 831 1013 860 Joannis
1029 831 1146 866 apostoli
1161 836 1188 858 et
1202 832 1343 859 novissimi
1359 833 1541 867 evangelistze,
1555 832 1688 867 hodieque
1703 840 1751 859 su-

141 866 260 901 perstitis
275 867 471 899 testimonium,
487 866 657 898 ostendebat,
674 867 720 902 qui
737 869 824 901 primo
835 867 1024 902 Evangeliisui
1037 867 1153 894 incursu
1169 867 1229 894 illos
1246 870 1377 902 petatLac
1392 866 1466 894 velut
1480 868 1581 894 intorto
1596 875 1610 894 e
1625 866 1752 902 supernis

140 901 266 932 nubibus,
280 910 341 928 cum
354 901 459 936 fulgure
472 905 498 928 et
512 903 624 934 tonitru,
642 901 755 929 luliniue
773 901 922 934 subvertat;
936 903 1030 930 diccns
1042 912 1049 928 ι
1060 902 1092 929 1η
1103 902 1232 936 principio
1243 907 1300 928 erat
1317 901 1439 934 Verbum,
1451 907 1475 929 et
1492 902 1602 929 Verbum
1613 901 1668 929 erat
1682 901 1752 936 apud

139 936 230 968 Deum,
249 941 273 962 et
288 936 358 963 Deus
372 942 429 963 erat
446 936 556 964 Verbum
568 936 590 970 1,
601 940 629 964 et
643 937 695 963 alia
710 945 769 971 quae
783 938 819 964 ibi
835 941 1031 972 consequenter
1045 937 1179 972 adversus
1194 937 1255 972 illos
1272 937 1385 968 faciunt.
1401 942 1428 963 et
1445 937 1563 964 divinam
1579 937 1681 964 Christi
1701 945 1752 972 na-

140 975 226 998 turam
243 971 404 1004 planissime
418 976 553 1000 astruuut.
568 973 608 998 lla
620 971 736 999 visitatis
751 976 778 999 et
795 973 822 999 in
838 972 889 999 ﬁde
903 971 1070 999 conﬁrmatis
1084 971 1195 999 Graeciae
1208 971 1348 1004 Ecclesiis.
1362 971 1464 999 Italiam
1478 981 1573 1000 versus
1588 980 1698 1000 cursum
1711 971 1753 998 di—

139 1006 216 1038 rexit,
233 1006 400 1042 Roniamque
415 1007 523 1033 tandem
546 1007 629 1033 multa
651 1014 698 1041 per
713 1007 784 1034 viam
799 1008 934 1035 eluctatus
948 1008 1097 1034 amicorum
1113 1007 1263 1035 retinacula
1287 1007 1473 1042 (quocunque
1496 1008 1568 1034 enitn
1589 1007 1752 1042 appellebat,

139 1041 245 1078 vincula
261 1041 404 1078 cliaritalis
416 1046 445 1068 ct
456 1042 524 1078 jura
535 1041 735 1078 hospitiiillum
750 1050 831 1077 quam
847 1042 1001 1078 arctissime
1016 1043 1259 1078 constringebant)
1275 1042 1308 1069 ad
1318 1041 1489 1078 Clementem
1505 1041 1614 1077 papam,
1625 1041 1754 1078 ’veteretn

140 1076 254 1112 amicum
270 1081 296 1103 et
309 1077 452 1111 collegam.
465 1077 558 1105 venit:
574 1077 619 1103 ubi
634 1076 737 1112 diutius
752 1076 903 1104 consistere
917 1081 943 1104 et
957 1076 1187 1112 4841111111οὴμὴ
1200 1076 1253 1104 non
1267 1077 1386 1104 Charitas
1397 1077 1478 1104 modo
1489 1076 1585 1109 suasit,
1598 1077 1644 1104 sed
1660 1081 1754 1104 aucto-

140 1111 204 1147 ritas
220 1119 481 1147 quoquersuprema,
504 1116 531 1139 et
545 1111 749 1147 tractandarum
764 1120 855 1139 rerum
871 1111 1138 1146 necessutas’adegit.
1154 1111 1257 1139 Interea
1270 1112 1352 1147 hujus
1367 1119 1449 1139 mora:
1463 1112 1585 1146 quadam
1600 1120 1645 1139 res
1660 1119 1689 1143 se
1699 1111 1755 1147 ph-

140 1145 210 1177 tulit,
226 1145 498 1182 quaginhabitantem
513 1147 540 1173 in
556 1146 684 1182 Dionysio
699 1154 764 1174 vera
779 1146 945 1174 vaticinandi
966 1145 1519 1182 spiritum,commoveret.'Adolescentem
1535 1147 1679 1181 quemdam
1698 1146 1753 1172 Ro-

139 1188 261 1217 manum,
278 1181 427 1208 Taurinum
443 1181 552 1208 nomine
568 1181 635 1217 (45).
652 1181 792 1216 Tarquinii
814 1187 840 1209 et
859 1182 998 1217 Eutychia:
1012 1181 1220 1217 ﬁtiumtmatris
1236 1186 1332 1217 rogatu
1355 1182 1435 1217 (quae
1452 1182 1521 1208 clam
1539 1182 1639 1209 inﬁdeli
1657 1182 1755 1208 marito

139 1215 294 1244 Christiana
307 1220 366 1243 erat
378 1216 393 1252 )7
404 1217 491 1252 sacris
505 1215 586 1244 undis
599 1215 721 1252 abluerat
736 1217 766 1244 B.
780 1215 924 1249 Clemens;
942 1224 1021 1252 quem
1038 1224 1099 1243 cum
1115 1216 1244 1252 Dionysio
1261 1215 1464 1244 commendaret
1480 1216 1671 1246 erudiendum.
1686 1224 1754 1252 una-

139 1259 191 1285 que
205 1252 255 1286 pim
270 1252 364 1278 matris
380 1251 413 1278 de
430 1251 484 1277 ﬁlio
497 1252 631 1279 somnium
647 1250 761 1279 referret
774 1252 842 1286 (erat
855 1256 943 1278 autem
952 1250 1095 1278 ’somnium
1114 1251 1165 1278 rite
1181 1250 1398 1286 conjectantibus
1415 1252 1512 1279 futurae
1526 1252 1607 1279 index
1624 1251 1756 1279 sanctita-

140 1288 184 1317 tis,
202 1294 298 1321 nempe
320 1287 404 1313 lilium
421 1286 586 1314 odoriferam
601 1295 616 1314 e
629 1287 805 1322 parturientis
825 1291 904 1314 utero
920 1286 1028 1322 prodire
1046 1287 1133 1313 visum
1147 1286 1167 1321 ).
1182 1287 1315 1322 conjectis
1338 1287 1483 1322 Dionysius
1502 1287 1530 1314 in
1553 1287 1755 1322 adolescentem

139 1321 235 1357 oculis,
249 1322 277 1348 in
292 1322 362 1357 hanc
378 1321 469 1348 subito
483 1322 573 1357 erupit
587 1321 705 1357 vocem;
724 1321 746 1349 0
763 1322 817 1357 ﬁli,
834 1322 919 1348 multa
933 1329 979 1357 pro
996 1321 1101 1348 Christo
1118 1322 1164 1348 tibi
1178 1321 1303 1348 debentur
1316 1321 1472 1349 certamina.
1488 1321 1543 1349 Nec
1555 1330 1624 1349 vana
1640 1321 1692 1348 fuit
1707 1328 1756 1348 va-

139 1356 271 1384 ticinatio.
289 1356 403 1384 Obtenta
420 1365 434 1383 a
451 1356 589 1384 Clemente
602 1356 759 1392 discedendi
776 1356 912 1388 facultate,
928 1356 1005 1392 duxit
1020 1357 1106 1388 illum,
1125 1361 1226 1384 sancta
1243 1358 1302 1391 ejus
1316 1358 1411 1384 matris
1426 1358 1514 1385 victus
1529 1357 1654 1392 precibus
1676 1356 1757 1391 (qua:

139 1391 286 1426 prudenter
303 1392 357 1418 ﬁlio
372 1399 387 1418 a
404 1395 479 1426 patre
497 1391 597 1419 inﬁdeli
611 1391 769 1426 metuebat),
785 1399 877 1419 secum
894 1392 921 1417 in
937 1391 1061 1423 Galliam,
1077 1396 1204 1418 accurate
1226 1392 1366 1424 instruxit,
1384 1391 1548 1420 instructum
1573 1393 1658 1420 sacris
1675 1392 1757 1418 mini-

139 1427 230 1454 steriis
245 1427 383 1455 adhibuit:
399 1426 517 1462 denique
530 1428 709 1462 prospiciens.
727 1427 781 1453 imo
795 1427 851 1460 jam
866 1426 952 1462 multo
964 1430 1027 1453 ante
1041 1431 1115 1462 certo
1131 1427 1273 1461 praescius.
1288 1431 1390 1462 quanta
1406 1435 1455 1462 pro
1466 1428 1569 1455 Christi
1586 1428 1696 1454 nomine
1712 1433 1757 1454 es-

139 1466 180 1497 set
196 1469 388 1496 perpessurus,
405 1461 663 1497 episcopi’munere,
679 1465 709 1488 ut
725 1466 787 1496 post
799 1462 914 1492 dicetur,
931 1461 1085 1489 honoravit.
1101 1461 1237 1490 Reversus
1257 1461 1339 1497 igitur
1353 1463 1380 1489 iu
1395 1461 1509 1490 Galliam
1530 1462 1689 1497 Dionysius.
1702 1468 1757 1496 quo

136 1496 192 1530 jam
208 1497 254 1524 diu
267 1498 477 1532 exspectabatur
490 1496 517 1525 et
531 1497 747 1527 desiderabatur.
760 1497 813 1523 dici
828 1504 882 1523 non
896 1501 985 1531 potest
1002 1497 1111 1531 quantis
1134 1498 1234 1524 sinceri
1247 1496 1349 1524 amoris
1361 1502 1388 1524 et
1399 1505 1526 1525 verorum
1540 1496 1702 1532 gaudiorum
1719 1496 1757 1524 si-

139 1532 359 1566 gniﬁcationibus
374 1534 475 1567 passim
490 1537 621 1567 exceptus
636 1533 687 1565 sit;
706 1532 834 1559 reducem
849 1532 922 1558 enim
945 1535 972 1559 et
987 1532 1091 1559 salvum
1107 1535 1133 1559 ct
1149 1533 1221 1559 velut
1236 1537 1366 1560 renovata
1379 1532 1521 1567 juventute
1540 1532 1660 1559 vividum
1675 1536 1758 1566 atque

139 1567 257 1594 alacrem
270 1575 302 1594 ex
318 1566 404 1602 longo
413 1568 518 1598 itinere.
533 1566 660 1595 videbant
674 1571 810 1601 pastorem
824 1567 899 1593 illum
912 1574 990 1602 suum
1005 1572 1032 1594 et
1049 1567 1156 1598 ducem,
1171 1567 1215 1594 cui
1229 1567 1322 1599 alium.
1340 1568 1362 1594 si
1378 1569 1425 1594 illo
1441 1568 1619 1597 orbarentur.
1636 1566 1680 1593 vix
1699 1570 1758 1594 erat

139 1605 169 1628 ut
184 1602 316 1629 auderent
328 1601 438 1637 sperare
450 1603 577 1630 similem.
591 1602 783 1637 Credibilerest
798 1607 887 1628 autem
901 1601 989 1636 primo
1007 1601 1132 1629 Arelaten
1149 1602 1224 1637 (quo
1236 1610 1269 1629 ex
1285 1601 1361 1629 Italia
1378 1603 1467 1630 brevis
1484 1607 1526 1631 est
1541 1601 1693 1637 trajectus)
1709 1609 1759 1628 na-

138 1643 199 1673 vem
215 1636 388 1673 applicuisse,
405 1638 511 1672 hocque
526 1638 650 1672 ingressu
662 1636 813 1673 oppidanos
828 1637 908 1671 primi
918 1636 997 1673 illius
1010 1637 1051 1663 sui
1067 1637 1206 1673 ingressus
1222 1637 1320 1665 fecisse
1335 1645 1481 1671 memores,
1495 1646 1549 1673 quo
1566 1645 1620 1664 una
1636 1644 1697 1673 eum
1714 1644 1759 1673 so-

138 1672 218 1711 ciis_a
232 1672 372 1713 Clemente
384 1671 486 1713 missus
499 1671 733 1713 111ιιρέ-ειιψυιειηήιζ
749 1672 871 1713 ipsisque
882 1671 1040 1713 episcopum
1049 1672 1187 1713 dederat;
1203 1680 1276 1699 nune
1291 1676 1380 1713 autem
1394 1681 1455 1699 cum
1472 1671 1542 1713 novo
1554 1673 1625 1713 beati
1644 1671 1758 1713 {pannis

138 1707 232 1743 venire
247 1707 393 1742 Evangelio
407 1708 485 1743 longe
497 1706 677 1739 divinissimo,
691 1707 770 1741 cujus
784 1708 826 1743 sit
835 1706 988 1743 exemplum
1005 1707 1072 1741 ipsis
1086 1707 1232 1743 relicturus
1243 1708 1316 1735 omni
1331 1708 1459 1734 thesauro
1475 1708 1630 1743 pretiosius.
1647 1706 1706 1740 Quo
1719 1706 1759 1733 illi

139 1742 243 1774 audito,
260 1741 357 1769 mirum
371 1741 503 1777 quantum
520 1743 658 1770 exsultare
676 1746 704 1769 et
718 1741 886 1776 triumphare
898 1742 1008 1777 gaudio,
1024 1746 1078 1769 tam
1101 1742 1135 1769 de
1158 1743 1325 1769 sanctissimi
1342 1743 1456 1777 apostoli
1476 1741 1624 1773 memoria,
1645 1745 1679 1769 de
1700 1748 1755 1776 quo

139 1784 194 1813 non
212 1785 298 1811 pauca
313 1777 458 1813 Dionysius
471 1778 650 1810 memorabat,
665 1784 753 1813 quam
762 1777 795 1803 de
807 1780 884 1803 tanto
898 1776 958 1810 ejus
971 1777 1043 1813 dono
1055 1781 1081 1804 et
1097 1781 1285 1813 monumento,
1300 1776 1378 1813 cujus
1395 1778 1471 1812 origo
1495 1786 1607 1813 prorsus
1627 1777 1718 1813 divina
1732 1779 1759 1813 et

139 1786 194 1803 non
212 1786 298 1811 pauca
313 1786 458 1813 utonystus
471 1786 650 1810 ωεηιοηυθι,
665 1786 746 1812 quam
762 1786 795 1803 ue
807 1786 884 1803 lanlO
898 1786 958 1810 ejus
971 1786 1043 1804 (tono
1055 1786 1081 1804 Cl
1097 1786 1285 1808 ll]0llulllenl0,
1300 1786 1331 1804 Cll
1347 1786 1378 1805 US
1395 1786 1471 1812 OI'IgO
1495 1786 1607 1813 pI‘OI'SUS
1627 1786 1718 1804 (“VIIIa
1732 1786 1758 1802 ει

138 1812 260 1840 οωΙεειὶε
275 1813 428 1840 exsisteret.
445 1812 512 1840 Cum
525 1817 614 1840 autem
631 1813 706 1846 justo
727 1812 784 1839 illic
796 1816 918 1846 tempore
932 1812 1030 1845 partim
1047 1813 1080 1839 ad
1099 1812 1315 1846 pernoseeudum
1333 1786 1463 1840 Iieclesiae
1479 1818 1592 1843 statum.
1608 1812 1707 1847 partim
1723 1810 1758 1847 ad

138 1848 228 1874 danda
242 1848 282 1874 eis
296 1847 434 1879 mandata,
450 1851 476 1875 et
498 1848 740 1874 communicandos
757 1847 840 1874 animi
855 1847 896 1874 sui
911 1854 1021 1882 sensus.
1036 1847 1193 1882 restitisset,
1208 1851 1264 1874 tum
1288 1847 1322 1874 ad
1350 1848 1417 1874 alias
1439 1848 1496 1882 pari
1521 1846 1616 1878 modo.
1629 1851 1657 1874 et
1672 1846 1757 1873 simili

137 1883 362 1922 gratulationum,
377 1883 548 1945 gausliorum,
562 1883 729 1910 bilaritatum
745 1886 840 1909 mutua
853 1881 1023 1917 profusione,
1039 1881 1161 1910 Parisios
1174 1890 1260 1917 usque
1275 1883 1425 1911 contendit.
1440 1881 1511 1915 Quid
1526 1883 1563 1910 ibi
1578 1886 1669 1910 autem
1684 1882 1758 1908 fece-

138 1923 183 1945 rit.
200 1926 272 1945 nunc
288 1926 423 1945 exseauen
446 1926 502 1945 um.

138 1923 183 1951 ΐιῑ,
200 1926 272 1945 nunc
288 1923 502 1953 exsequendum.

830 2033 1061 2062 NOTATIONES.

157 2125 163 2129 η
176 2090 232 2124 (40)
252 2089 310 2129 Quo
324 2089 483 2129 enint‘rnod‘o
497 2091 624 2129 propheta
639 2091 685 2119 ille
698 2095 723 2118 et
739 2091 867 2129 pugillum
880 2092 924 2127 fa-
939 2099 963 2127 Α
977 2099 1107 2129 germana
1122 2090 1209 2129 ipsius
1225 2089 1327 2129 scripta
1342 2084 1759 2129 esse_conﬁteutur.Quippe‘qui

137 2125 207 2153 rima
216 2125 368 2162 auxit,etc._
380 2125 453 2162 Elias
467 2126 584 2161 hospitio
598 2131 738 2162 exceptus,
759 2125 839 2154 famis
855 2125 924 2154 tem-

137 2167 216 2196 pore,
230 2168 244 2187 a
256 2159 337 2186 vidua
353 2159 530 2195 Sarephtana,
545 2161 604 2196 ejus
614 2159 708 2189 farina:
723 2162 865 2196 pugillum,
875 2163 923 2196 qui

139 2195 219 2222 Solus
242 2195 362 2235 restabat
382 2197 411 2235 in
432 2197 537 2235 hydria.
553 2201 580 2235 et
601 2195 833 2235 pauxilluinjolei.
852 2195 926 2235 quod

139 2236 284 2267 supererat
295 2231 321 2257 in
333 2231 450 2266 leeytho.
465 2232 504 2259 sic
515 2231 645 2263 auxit.'ut
659 2233 779 2267 quotidie
794 2231 928 2260 vescenti-

138 2265 194 2292 bus
203 2265 229 2292 in
240 2265 462 2301 tempuslougum
473 2275 526 2294 non
535 2265 674 2300 deﬁceret,
683 2268 771 2301 quoad
783 2268 886 2295 scilicet
901 2269 928 2294 in

138 2305 213 2328 terra
231 2301 275 2327 illa
293 2303 380 2329 fames
397 2302 611 2337 cessaret:_Quin
630 2307 657 2330 et
679 2303 763 2330 ﬁlium
780 2303 840 2337 ejus
854 2310 929 2330 mor-

137 2336 354 2372 tuumadjitam
364 2338 509 2372 revocavit.
521 2335 588 2364 Vide
596 2337 642 2372 lib.
656 2337 690 2372 Ill
701 2335 815 2372 Regum.
827 2345 850 2365 ο).
861 2346 929 2366 xvu.

175 2369 231 2406 (41)
255 2368 349 2395 Pacem
366 2369 476 2406 ciuitati,
493 2378 583 2404 pacem
600 2371 700 2402 domui,
717 2368 771 2398 et'c.
794 2371 924 2406 Praecepit

134 2403 270 2440 Dominus
292 2404 434 2440 apostolis,
452 2404 531 2432 Lucae
547 2406 613 2437 x,3,
640 2410 669 2432 ut
693 2413 786 2440 pacem
809 2403 924 2439 civitati,

134 2446 237 2475 pacem»
249 2439 352 2467 domui.
369 2439 396 2465 in
410 2447 600 2475 quamcunque
617 2439 762 2471 intrarent,
780 2449 926 2475 precaren-

133 2479 194 2510 tur.
226 2473 456 2510 ln_quan}cun(jite
477 2473 585 2501 (tantum
612 2473 787 2506 intraveritis.
809 2477 925 2510 primunt

132 2509 217 2535 dicite
232 2515 240 2533 :
257 2507 317 2534 Pax
342 2507 402 2535 huic
415 2507 540 2545 "domui;
560 2515 584 2536 et
602 2511 625 2537 si
639 2511 718 2545 fuerit
742 2507 814 2544 filius
840 2512 924 2545 pacis.

134 2545 280 2578 requiescet
305 2551 383 2577 super
406 2543 481 2570 illum
507 2552 560 2578 pan;
587 2543 671 2572 vestra
688 2553 696 2570 :
712 2543 753 2572 siit
777 2543 874 2577 autem,
891 2546 925 2572 ad

134 2587 184 2605 vos
202 2582 355 2615 revertetur.
370 2578 402 2604 Et
417 2579 486 2605 infra
506 2589 511 2606 :
531 2579 565 2605 Et
588 2581 614 2606 in
638 2589 820 2615 quamcunque
833 2582 926 2607 civita-

133 2619 191 2640 tem
208 2614 380 2650 ἰηιι-(ιιιενίιίξΥ
399 2618 423 2639 et
439 2615 598 2646 susceperint
613 2614 668 2645 vos.
694 2614 850 2642 manducata
866 2624 925 2650 qua:

133 2653 307 2684 apponuntur
321 2648 403 2680 vobis,
415 2653 438 2675 et
452 2654 542 2675 curate
558 2650 676 2684 inﬁrmos
692 2651 736 2684 qui
747 2650 774 2676 in
788 2650 836 2677 illa
851 2648 924 2678 sunt.

175 2684 233 2718 (42)
254 2682 306 2710 Ibit
332 2683 413 2717 igitur
435 2684 474 2709 vir
497 2682 604 2711 sanctus
625 2693 657 2712 ex
674 2682 763 2711 Gallia
776 2685 805 2712 in
821 2686 923 2717 Asiam,

130 2725 192 2748 etc.
212 2718 283 2751 Quin
300 2723 413 2746 sanctus
429 2718 575 2754 Dionysius
592 2720 625 2746 ad
640 2720 669 2747 B.
683 2719 814 2746 Joannem
830 2721 864 2747 ab
878 2728 926 2746 ex-

130 2756 202 2782 silio
217 2761 356 2781 reversum
372 2754 399 2780 in
417 2753 510 2780 Asiam
525 2754 662 2789 profectus
678 2756 724 2785 sit,
740 2755 832 2782 nullus
846 2755 926 2782 dubi-

131 2794 188 2820 tat.
205 2796 271 2825 neci
282 2789 407 2825 dubitare
428 2792 526 2823 potest,
550 2798 644 2816 eorum
668 2789 788 2825 quidem.
803 2790 849 2825 qui
878 2791 923 2816 illa

131 2825 243 2860 scripta
258 2823 391 2859 Dionysii,
410 2832 470 2858 quae
485 2825 545 2859 ejus
559 2829 667 2853 exstant
676 2823 802 2859 nomine,
812 2823 881 2854 'vera
896 2828 925 2853 et

176 2903 278 2932 lJoan.
296 2904 414 2938 xui,25.
457 2903 463 2923 ¹
483 2903 559 2931 Joan.
578 2903 638 2935 1,1.

976 2120 1004 2155 in
1027 2120 1147 2161 Epistola
1172 2126 1204 2153 ad
1232 2120 1376 2161 ipsummet
1404 2123 1546 2161 Joannem,
1571 2123 1623 2149 sibi
1652 2120 1760 2161 etelitus

977 2157 1135 2198 prmdictum
1159 2161 1211 2187 hoc
1232 2157 1294 2191 iter,
1309 2163 1336 2186 et
1352 2159 1422 2198 hanc
1441 2166 1502 2198 cum
1517 2157 1621 2198 .l‘oa'nn‘e
1638 2159 1761 2198 tuutuam

976 2191 1185 2225 'collocutionem
1200 2199 1293 2230 aperte
1303 2193 1512 2230 perscripserit.
1522 2192 1575 2218 Sed
1590 2192 1623 2218 de
1639 2191 1697 2217 loco
1712 2198 1762 2216 un—

977 2233 1010 2260 de
1027 2233 1054 2259 in
1071 2232 1165 2259 Asiam
1183 2228 1320 2265 profectus
1337 2230 1383 2260 sit,
1401 2228 1532 2265 nonnulla
1548 2231 1590 2265 est
1604 2229 1763 2265 controver-

977 2269 1027 2295 sia.
1042 2267 1110 2294 Nam
1125 2260 1257 2293 Barouius
1274 2264 1439 2292 existimavit
1460 2263 1619 2298 Dionysium
1637 2260 1762 2298 Athenisz

977 2303 1023 2329 ubi
1042 2305 1152 2329 creatus
1175 2301 1264 2327 fuerat
1286 2307 1301 2326 a
1327 2299 1411 2325 Paulo
1434 2295 1589 2333 episcopus,
1618 2302 1704 2329 usque
1728 2295 1763 2333 ad

975 2337 1090 2364 Nervam
1111 2336 1256 2367 mansisse.
1272 2342 1304 2362 ac
1329 2329 1580 2370 proinde'gthéuis
1604 2337 1711 2370 quoque
1729 2329 1763 2370 ad

976 2372 1107 2399 Joannem
1124 2372 1150 2398 in
1166 2365 1258 2397 Asiam
1273 2365 1453 2396 concessisse.
1470 2367 1570 2394 Verum
1588 2373 1659 2400 saepe
1679 2365 1765 2400 pluri-

976 2408 1028 2434 bus
1055 2406 1122 2434 locis
1145 2407 1277 2433 hactenus
1291 2404 1461 2431 ostendimus
1476 2411 1509 2429 ex
1525 2402 1599 2429 Actis
1616 2401 1763 2428 multorum

975 2446 1144 2473 sanctorum,
1160 2442 1239 2475 longe
1267 2440 1382 2475 antehac
1410 2439 1437 2466 in
1460 2437 1574 2475 Galliam
1593 2436 1717 2475 venisse,
1731 2442 1764 2475 ac

996 2476 1091 2503 roinde
1113 2483 1147 2502 ex
1171 2472 1270 2504 Gallia.
1299 2474 1344 2500 ubi
1367 2473 1424 2508 jam
1449 2473 1500 2500 sub
1524 2472 1677 2508 Domitiano
1705 2473 1764 2508 erat

996 2485 1091 2503 romoe
1113 2485 1147 2502 ex
1171 2485 1270 2504 utttltu.
1299 2485 1344 2500 uul
1367 2485 1424 2508 juttl
1449 2485 1500 2500 sun
1524 2485 1677 2498 υυιιιιιιιιιιυ
1705 2485 1764 2496 una.

976 2485 1139 2546 yprzecessit
1154 2514 1243 2546 autem
1260 2509 1305 2537 ille
1320 2508 1435 2546 Nervam
1449 2508 1457 2543 )
1475 2507 1508 2534 ad
1526 2507 1657 2546 Joannem
1673 2504 1765 2546 profe-

976 2540 1051 2574 ct'um
1067 2554 1136 2573 esse.
1154 2545 1225 2578 Quin
1242 2548 1269 2572 et
1283 2544 1361 2571 tnulti
1377 2544 1417 2570 vel
1435 2540 1550 2570 mortem
1567 2542 1617 2568 sub
1633 2540 1765 2578 Domitia-

977 2590 1012 2608 no
1024 2582 1050 2607 in
1060 2581 1146 2607 Gallia
1159 2576 1270 2615 passum
1284 2587 1356 2611 esse,
1371 2579 1414 2615 vel
1428 2578 1520 2615 gravia
1533 2578 1624 2615 ll]ll_II.3_
1632 2576 1765 2603 tolerasse

976 2616 1147 2650 Dionysium,
1159 2611 1289 2642 auctores
1305 2617 1378 2641 sunt.
1399 2611 1451 2650 Qui
1467 2613 1562 2650 saltem
1576 2613 1602 2638 in
1618 2611 1698 2650 [ioca
1714 2617 1764 2650 no_—

976 2651 1019 2678 bis
1042 2644 1122 2683 sunt;
1141 2644 1212 2684 quod
1228 2649 1375 2685 Dionysius
1391 2644 1420 2675 in
1433 2648 1528 2685 Gallia
1539 2648 1594 2682 jam
1607 2644 1764 2685 _l'uerit.sub

976 2679 1231 2722 Domitiano.'Adde
1258 2679 1403 2722 Bai-onian
1417 2679 1547 2722 nonnulla
1559 2682 1681 2722 recipere
1696 2679 1763 2722 Apta

976 2721 1099 2756 martyrii
1116 2722 1252 2756 sociorum
1261 2720 1355 2756 sancti
1367 2719 1498 2756 Dionysii,
1511 2725 1574 2756 quae
1583 2717 1764 2756 illos'venisse

976 2751 1122 2790 cum'ipso
1145 2756 1173 2782 in
1198 2754 1324 2786 Galliam.
1342 2758 1369 2781 et
1386 2751 1535 2790 imperante
1558 2751 1712 2790 Domitiano
1724 2751 1764 2790 "in

977 2783 1250 2818 Gallia-occubuisse
1275 2783 1395 2817 tradunt.
1411 2783 1465 2815 P'ro
1481 2787 1597 2814 Baronio
1615 2789 1706 2811 autem
1723 2783 1764 2809 fa-

976 2826 1052 2854 ciunt
1077 2825 1144 2853 Acta
1169 2825 1198 2853 S.
1218 2825 1313 2861 Reguli
1337 2824 1408 2859 apud
1436 2822 1609 2850 Vincentium
1633 2823 1660 2848 et
1680 2819 1765 2846 Meta-
