1929 3092
162 149 213 177 799

732 147 762 176 Β.
782 148 931 177 DlONYSll
949 148 1180 177 AREOPAGITE

1735 148 1794 180 800

160 204 290 248 plti'asten
312 217 322 248 _:
339 207 386 248 sed
403 208 430 248 ip
446 207 737 248 ajiprttmnsanctlorum
760 207 830 234 actis
842 210 869 234 et
883 214 948 248 θρίξ·
962 208 986 236 Α
1000 206 1301 248 Ebionitarunldogma
1316 213 1496 248 consprgens,
1508 205 1555 248 (ηιξ
1567 208 1791 248 θεειξηιςιιριιτῇ-

159 243 252 279 eiatim
268 244 295 270 in
312 243 398 279 ipsius
414 242 442 269 S.
459 242 693 279 Dionysiitmulto
708 242 785 279 plura
807 249 856 279 pro
870 242 949 269 nobis

161 278 274 306 faciunt.
291 278 364 306 sicut
379 278 505 313 disperse
519 277 708 312 compluribus
727 277 754 303 in
774 277 842 304 locis
856 281 950 305 osten-

159 313 260 340 dimus.

181 348 253 383 τμὸ)
274 348 340 375 Erat
358 349 427 376 enim
447 348 519 375 haud
540 348 627 375 minus
643 347 788 383 nonqginta
802 355 885 374 annos
900 356 949 374 na-

160 388 213 410 tus.
235 383 284 411 lvit
297 385 370 411 enim
395 385 421 411 in
445 383 538 411 Asiam
561 387 684 410 extremo
705 383 801 409 Nerva?
821 383 947 418 imperio.

159 425 222 444 cum
247 424 320 446 esset
343 419 444 446 Christi
464 418 657 453 nouagesimus
681 425 781 450 nonus,
797 425 837 453 ac
854 426 950 446 conse—

159 457 276 486 quenter
305 453 426 489 Dionysii
455 452 650 489 nonagesimus
669 473 676 484 ,
704 453 804 488 quippe
820 452 948 489 rjuynioris

158 489 270 516 Christo
285 492 364 516 annis
377 488 488 516 novem.
504 488 611 516 Nemini
639 495 721 523 porro
736 488 894 516 incredibile
908 489 949 516 νίς

159 524 218 550 deri
232 524 321 556 debet,
338 524 409 558 quod
435 530 489 552 tam
516 531 576 551 sera
599 527 626 550 ct
652 523 784 558 praecipiti
799 527 879 551 aetate
896 523 948 551 iter

159 562 265 586 tantum
282 560 445 594 susceperit,
462 567 524 585 cum
539 562 567 586 et
584 559 652 586 alios
667 559 786 594 reperire
801 559 880 586 liceat
894 567 948 586 non

159 601 272 629 Italicos.
281 594 326 628 qui
343 595 412 629 pari,
421 595 555 621 autetiam
563 594 702 628 grandiori
713 597 801 625 aetate,
812 594 892 621 iidem
902 600 949 623 aut

156 628 240 664 485
251 628 401 657 minoribus
413 630 447 657 de
460 630 562 660 causis,
575 629 639 656 talia
651 629 819 664 confecerint
838 629 946 658 itinera.

158 663 203 690 De,
213 665 299 691 sancti
322 665 463 700 Polycarpi
479 673 512 691 ex
527 665 591 692 Asia
604 665 742 700 irrurhem
765 663 879 700 Romam
900 672 948 691 ex-

158 703 246 726 tremo
266 708 324 726 aevo
351 698 401 728 suo
416 698 584 734 profectione
600 699 716 734 indeque
735 698 863 726 inAsiam
886 701 948 727 red-

158 734 209 765 itu,
225 735 387 770 scripsimus
413 735 440 762 in
456 735 517 770 ejus
532 735 603 762 Vita.
618 734 672 761 Nec
689 734 774 762 multo
789 734 880 770 minor
899 743 947 762 na-

157 773 198 799 tu,
213 777 293 805 quam
312 776 426 805 uterque
450 771 567 802 illorum,
591 770 641 796 fuit
667 773 779 797 sanctus
803 769 948 799 Marcellus

158 811 220 831 cum
237 813 270 832 ex
285 804 423 840 Hispaniae
436 806 566 832 umbilico
581 806 607 832 in
620 805 734 832 Calliam
746 805 852 840 visendi
863 806 948 833 Areo-

157 840 256 901 Eagitze
285 839 461 881 przeceptoris
478 841 622 881 sui-gratia
640 848 670 868 se
684 840 810 881 contulit.
828 839 947 869 Sanctus

182 875 327 901 umhanms
343 876 510 901 COIISlﬂlllla!
525 884 551 901 m
566 876 656 901 Cvnro
670 883 815 901 entscoous
832 876 884 901 sub
898 884 943 901 an-

182 875 327 916 piphanins
343 875 514 916 constantiae
525 876 551 902 in
566 876 656 916 Cypro
669 876 815 916 episcopus
832 876 884 903 sub
898 884 943 903 an-
962 883 983 910 Β

158 917 224 953 rium
246 911 307 953 vitae
331 912 600 953 strepente-simulti-
617 911 752 938 decimum
775 916 946 953 quartum,_e

156 943 248 981 Cypro
273 946 538 981 Constantinopolim
569 946 601 972 ad
628 953 739 973 causam
775 943 803 981 S.
831 945 945 975 Joannis

157 974 347 1017 Chrysostomi
375 974 583 1017 dispiciendam,
609 986 766 1017 accersente
795 974 946 1017 Theophilo

157 1015 343 1043 Aleriandrino
358 1015 481 1051 ejusdem
496 1016 685 1051 Chrysostomi
699 1015 946 1049 adversario,'con-

156 1052 253 1078 tendit,
270 1052 341 1084 Quin
355 1056 382 1078 et
396 1052 489 1079 muttis
506 1057 566 1086 post
583 1052 691 1079 seculis
705 1052 840 1086 (quorum
856 1058 944 1080 tamen

157 1093 289 1120 processu
304 1088 373 1114 solet
385 1087 526 1114 hominum
539 1087 592 1113 vita
605 1095 657 1113 non
673 1087 761 1114 solum
773 1088 945 1116 brevioribus

157 1123 258 1149 arctari
278 1122 480 1159 terminis,rsed
506 1122 587 1159 etiam
609 1122 714 1159 viribus
739 1123 796 1159 lieri
817 1122 944 1159 debilior)

155 1164 230 1183 anno
245 1157 351 1184 scilicet
360 1157 462 1184 Christi
478 1157 621 1184 millesimo
629 1157 818 1184 ducentesimo
836 1157 946 1192 septua-

157 1192 261 1225 gesimo
276 1197 364 1228 sexto,
391 1192 564 1228 Burchardus
578 1193 612 1219 de
627 1192 742 1223 Sat-ken,
762 1200 823 1219 cum
836 1197 946 1228 octoge-

156 1228 251 1254 narius
265 1227 298 1253 ad
313 1228 500 1262 episcopatum
512 1226 695 1254 [.ubeeensem
704 1233 848 1262 provectus
860 1226 944 1261 esset,

156 1268 189 1288 ac
204 1263 292 1297 primo
306 1270 378 1289 anno
393 1267 503 1297 propter
514 1270 552 1289 tes
567 1263 685 1289 alienum
710 1263 745 1289 ab
766 1262 946 1291 intercessore

156 1304 208 1324 suo
223 1301 405 1329 contractum,
425 1298 526 1325 laboris
541 1297 686 1331 plurimum
709 1298 868 1330 sustineret,
883 1304 944 1326 stu-

155 1331 203 1358 dio
227 1333 357 1366 parcendi
374 1333 506 1368 impensis
529 1333 556 1359 in
582 1331 807 1368 Franciamabiit
824 1343 830 1366 ;
846 1333 945 1361 deinde

156 1374 228 1394 anno
242 1367 420 1402 episcopatus
431 1368 474 1395 sui
487 1367 619 1402 vigesimo
634 1367 766 1399 secundo,
783 1368 810 1395 id
825 1373 867 1396 est
880 1377 946 1397 aLa-

155 1403 192 1429 tis
213 1404 363 1430 ccutesimo
379 1404 470 1434 tertio,
489 1411 538 1437 pro
555 1403 657 1439 tuendo
671 1402 800 1439 Ecclesiae
815 1411 871 1431 Sum
883 1405 945 1439 jure

155 1445 239 1472 super
250 1438 329 1465 molis
347 1439 514 1473 aquatilibus
532 1437 617 1473 (quod
628 1437 801 1466 Lubeceuses
813 1437 945 1467 maxiino—

193 1480 221 1500 re
236 1473 452 1508 impugnabant)
474 1473 587 1500 Romam
606 1473 692 1507 petiit,
710 1473 812 1508 ibique,
831 1479 861 1501 ut
877 1477 946 1502 scri—

177 1507 197 1534 it
211 1507 340 1535 Albei-ttis
362 1508 517 1540 Crantzius,
535 1516 583 1543 per
604 1515 692 1535 annos
706 1507 825 1543 quatuor
841 1512 946 1538 consti-

154 1543 197 1573 ιιι.
215 1551 265 1580 pro
288 1544 411 1571 Ecclesia
437 1552 486 1571 sua
509 1543 802 1580 virilitcr‘decertans,
826 1546 944 1580 gloriose

154 1582 224 1608 tum.
242 1579 306 1615 licet
328 1583 487 1614 sumptuose
511 1583 537 1606 et
556 1578 692 1606 laboriose
713 1578 892 1615 triumphavit
916 1582 944 1608 in

154 1621 249 1641 causa.
262 1613 321 1641 Jam
338 1613 403 1649 ergo
413 1616 472 1642 erat
484 1619 592 1641 centum
606 1619 709 1648 septem
724 1613 870 1649 annorum,
881 1624 944 1644 cum

155 1649 272 1711 patriam
298 1650 404 1684 repetiit
421 1658 429 1682 ;
448 1649 492 1676 ubi
510 1653 537 1676 ct
557 1650 625 1676 alios
649 1649 779 1677 tredecim
804 1657 944 1686 superstes

169 1684 219 1711 uit.
238 1692 324 1711 usuue
349 1684 382 1710 ad
407 1693 508 1711 annum
526 1685 631 1711 scilicet
654 1685 742 1711 atatis
762 1686 943 1711 centesimum

169 1684 219 1715 uit,
238 1692 324 1719 usque
349 1684 382 1710 ad
407 1693 508 1712 annum
526 1685 631 1712 scilicet
654 1685 742 1712 atatis
762 1684 944 1713 centesimum

155 1719 399 1754 vigesimumNide
407 1720 565 1747 Crantzium
576 1720 602 1746 in
613 1727 662 1747 sua
671 1719 811 1755 Metropoli
825 1722 872 1748 lib.
882 1730 942 1755 νιιι,

155 1761 218 1789 cap.
234 1755 278 1782 37.
293 1756 382 1789 Atque
397 1760 426 1781 ιιι
442 1755 467 1782 in
483 1756 553 1781 hanc
565 1755 772 1790 grandaevorum
783 1757 943 1784 societatem

156 1791 305 1825 nonnullos
318 1798 426 1825 quoque
441 1791 509 1817 alzos
526 1791 671 1825 episcopos
691 1790 865 1823 advocemus,
881 1800 945 1820 ecce

204 1824 313 1862 Sintcou
328 1824 498 1862 propinquus
507 1824 667 1857 Salvatoris,
677 1830 703 1852 et
718 1825 812 1853 Jacobi
828 1828 943 1862 apostoli

157 1860 185 1887 in
211 1860 274 1887 sede
290 1860 535 1898 Hierosolymilana
553 1868 706 1898 successor,
723 1867 830 1889 centum
846 1860 943 1898 'viginti

156 1899 353 1932 annoshuatus
382 1897 474 1923 crucis
501 1896 664 1930 supplicium
690 1897 796 1924 fortiter
820 1896 942 1932 pertulit.

157 1930 228 1957 Ecce
242 1929 270 1957 S.
288 1930 432 1959 Narcissus
448 1931 569 1965 ejusdem
595 1932 668 1958 sedis
692 1929 943 1963 antistes-centum

156 1965 276 2004 sedecim
298 1971 487 2004 transgressus
502 1970 553 1993 est.
569 1965 640 2004 Ecce
656 1966 685 1994 S.
704 1966 855 2004 Dorotheus
879 1967 942 2004 Tyri

156 2001 399 2039 presliyter,_anno
415 2002 672 2039 aitatisgcenti-simo
701 2002 817 2039 septimo
840 2001 944 2039 mariy-

173 2036 228 2063 ium
243 2044 292 2071 pro
306 2036 415 2064 Christo
430 2037 551 2072 pertulit.
570 2036 639 2064 Ecce
651 2041 678 2064 et
697 2036 766 2065 alter
793 2036 943 2067 Dorothcus

179 2073 477 2108 onstantinopolitanus
505 2072 676 2108 patriarcha
694 2077 802 2100 centum
828 2075 943 2101 undevi-

154 2107 222 2142 ginti
238 2114 326 2135 annos
342 2106 440 2143 exegit.
452 2106 520 2135 Ecce
537 2106 724 2144 $.Reiiiigius.
740 2108 857 2144 insignis
871 2108 944 2137 Rhe—

156 2150 264 2170 morum
293 2142 403 2177 praesul;
420 2151 492 2170 anno
516 2142 557 2170 sui
580 2143 754 2177 episcopatus
777 2142 942 2177 numeravit,

156 2151 264 2170 morum
313 2151 403 2176 rassui,
420 2151 492 2170 anno
516 2151 557 2170 Slll
580 2151 754 2177 episcopatus
777 2151 942 2177 numeravit,

156 2181 270 2215 auctore
345 2175 476 2215 Gregorio
494 2177 664 2215 ATuronensi,
687 2177 807 2214 integros
833 2183 944 2215 septua-

154 2212 243 2250 ginta,
261 2213 303 2250 vel
323 2212 410 2241 etiam
430 2213 560 2250 amplius;
574 2213 663 2241 aetatis
677 2212 755 2247 vero,
770 2212 891 2250 ejusdein
906 2220 944 2243 te-

156 2248 304 2284 stimonio,
317 2253 425 2276 centum
441 2249 547 2284 viginti.

194 2282 231 2310 De
248 2283 276 2310 S.
295 2283 423 2320 διωθοηο
438 2282 570 2311 habemus
587 2283 617 2311 S.
633 2282 776 2320 llegesippi
794 2285 944 2312 auctorita-

153 2322 218 2353 trem
236 2319 306 2353 apud
327 2319 473 2347 Eusebium
493 2319 539 2346 lib.
554 2327 583 2346 ιιι
599 2319 671 2346 Hist.
686 2319 789 2352 eccles.,
805 2328 830 2347 c.
842 2321 887 2348 26.
906 2321 944 2349 De

154 2352 186 2379 S.
198 2352 326 2391 Narcisso
338 2355 366 2381 Β.
381 2354 525 2391 Alexandri
544 2354 793 2391 Hierosolymorum
809 2357 942 2391 episcopi,

117 2388 123 2391 “
157 2388 228 2422 apud
244 2390 369 2416 eumdem
393 2389 541 2417 Eusebium
558 2390 605 2417 lib.
624 2388 707 2422 vt,'c.
726 2391 768 2418 ll.
787 2388 870 2419 oe's.
890 2388 942 2419 Uo-

154 2424 251 2461 rolhco
266 2423 446 2461 Tyrio_tcstes
463 2429 527 2452 sunt.
543 2425 762 2461 Martyrologium
778 2425 941 2458 Romanum,

154 2463 183 2486 et
199 2458 330 2486 Menaaum
346 2459 514 2491 Graecorum,
529 2460 562 2486 ad
579 2458 649 2487 diem
666 2458 780 2489 SJIInii.
798 2461 835 2488 De
857 2462 943 2489 altero

155 2497 246 2521 autem
268 2493 405 2522 Dorotheo
421 2494 548 2522 Socrates
565 2495 612 2523 lib.
627 2503 663 2522 vn
679 2497 751 2523 Hist.
764 2496 867 2528 eccles.,
880 2505 941 2528 cap.

156 2530 182 2557 θ.
198 2529 231 2556 Et
252 2529 286 2557 de
302 2529 330 2557 S.
345 2529 468 2565 Remigio
484 2529 633 2565 Gregorius
655 2531 823 2559 Turonensis
840 2533 886 2559 lib.
904 2529 944 2560 De

153 2564 242 2601 gloria
256 2564 446 2601 con/casarum,
462 2573 521 2600 cap.
535 2564 579 2601 79,
591 2570 618 2592 et
630 2574 690 2601 cap.
704 2567 746 2593 87.

192 2599 248 2635 (ﬂ)
262 2599 388 2627 Ebionem
397 2599 539 2627 scilicet'ac
549 2599 703 2628 Cerinthum
713 2606 738 2629 et
752 2602 851 2629 similes
863 2602 944 2630 deno-

155 2635 241 2667 tabat,
253 2639 306 2663 etc.
322 2636 424 2663 Contra
440 2635 490 2663 hos
507 2637 580 2663 enim
599 2637 745 2671 scripsisse
766 2636 794 2664 S.
809 2637 942 2665 Joannem

155 2671 344 2706 Evangelium,
358 2671 512 2698 communis
523 2676 565 2698 est
576 2671 679 2706 opinio.
693 2671 787 2700 Notavi
804 2673 880 2706 alibi,
896 2678 943 2700 aut

155 2706 272 2743 iudicavi
288 2707 379 2743 potius
396 2706 484 2733 locum
502 2707 609 2739 lrenaei,
631 2707 673 2733 ubi
696 2707 824 2743 ididocet,
845 2716 942 2743 nempe

156 2742 203 2778 lib.
221 2749 251 2778 ut
275 2742 405 2769 Adversus
427 2743 549 2778 Itg’rcses,
565 2750 625 2777 cap.
649 2743 691 2770 ll.
709 2742 891 2778 Hieronymus
910 2742 940 2771 in

157 2777 204 2813 l_ib.
223 2776 261 2804 De
275 2777 425 2804 illustribus
440 2776 564 2804 Ecclesia'
585 2776 768 2812 scriptoribus,
782 2776 843 2813 ca‘p.
857 2778 889 2810 9;
914 2780 940 2806 ili

154 2811 269 2848 J_oannc.
287 2813 322 2839 ita
339 2813 372 2840 de
386 2813 432 2840 illo
446 2822 452 2839 ε
472 2822 480 2838 ι
496 2812 668 2840 Novissimus
692 2811 941 2848 omnium-scripsit

154 2846 331 2884 Evangelium
360 2852 470 2883 rogatus
496 2849 530 2876 ab
552 2849 624 2876 Asia:
647 2849 782 2884 episcopis
810 2846 941 2877 adversus

153 2881 314 2910 Cerinthum
343 2881 466 2919 aliosque
492 2881 702 2915 ὶιιιιιυῑὶεοδ,”οι
731 2881 848 2913 maxime
877 2891 942 2912 tunc

957 1560 979 1588 C

999 245 1080 279 st_um_
1093 245 1157 279 ante
1173 240 1284 279 Mariam
1308 240 1479 279 maduisse.
1494 251 1503 267 ι
1517 240 1602 279 ᾜιὶιιηι
1625 242 1706 271 habet
1723 244 1788 279 Epi-

999 277 1226 314 phaniushaaresi
1246 277 1291 307 Si,
1307 284 1332 304 c.
1347 277 1392 314 12,
1417 277 1462 303 ubi
1472 277 1576 314 scribit
1588 276 1720 306 Joannem
1739 276 1787 314 pter

999 311 1175 346 Evangelium
1198 319 1276 339 sumn
1296 312 1498 347 quodammodo
1518 313 1688 341 exclamasse
1707 323 1714 341 :
1737 311 1790 341 Ποῖ

999 347 1133 389 τελξγᾶσθε
1143 356 1150 379 ;
1161 347 1364 389 φεοὶςτρέξπεσθελ
1379 348 1430 373 Ποῖ
1442 347 1590 389 πλενιξσθε,
1605 348 1724 389 Κήρινοε
1739 351 1788 376 καὶ

1005 383 1110 414 Ἐϐίων,
1127 383 1173 409 καὶ
1188 383 1212 409 οἱ
1230 382 1314 418 ἄλλοι.
1342 382 1401 414 Quo
1416 383 1531 418 erratis!
1543 391 1594 418 quo
1614 382 1662 410 vos
1680 392 1788 412 conver-

999 418 1074 446 titis?
1094 418 1272 453 Quoierratis,
1285 417 1406 445 Cerinthe
1427 422 1451 444 et
1469 417 1562 450 Ebion,
1579 423 1605 445 et
1626 421 1724 453 cqftcri.
1746 421 1788 447 Ir-

999 453 1085 488 repsit
1107 454 1134 480 in
1153 452 1256 480 Petavii
1279 453 1426 480 editionem
1447 456 1577 484 erratum,
1593 458 1622 480 ut
1638 452 1789 488 poneretur

1002 487 1124 515 Marcion
1137 495 1187 523 pro
1205 489 1300 517 Ebion.

1034 523 1091 564 (Αἰξί)
1111 522 1307 564 Adoles‘ceniem
1322 522 1460 564 quemdam
1476 522 1622 550 Romanum
1639 524 1787 564 furinum

998 557 1112 594 nomine,
1129 562 1180 586 etc.
1198 557 1227 585 S.
1250 557 1364 585 Taurini
1382 559 1449 585 Acta
1472 567 1559 594 usque
1577 566 1592 585 a
1616 561 1702 594 prima
1724 561 1786 594 ejus

999 593 1125 625 infantia,
1147 594 1267 621 breviter
1290 594 1441 621 recitantur
1460 601 1475 621 a
1496 593 1641 622 Vincentio
1663 593 1788 622 Bellova-

998 629 1090 661 wnsi,
1112 628 1160 664 lib.
1176 636 1204 659 κ,
1225 635 1285 663 cap.
1305 628 1350 660 55,
1367 629 1447 663 cujus
1469 630 1567 664 capitis
1588 636 1708 657 extrema
1733 631 1786 658 ista

998 664 1080 691 verba
1097 673 1103 690 :
1123 673 1132 688 ι
1146 662 1206 690 Jam
1227 662 1299 691 enim
1317 663 1491 691 ordinaverat
1504 662 1535 691 in
1557 665 1666 692 civitate
1686 664 1786 693 Came-

997 706 1061 726 raca
1074 706 1233 734 germanum
1244 699 1305 733 ejus
1315 698 1524 734 Gaugericum.»
1540 704 1569 726 ut
1584 708 1696 734 prorsus
1709 701 1787 727 adul-

997 733 1086 761 terina
1100 737 1128 761 et
1146 733 1319 768 supposititia
1335 733 1429 768 procul
1444 733 1615 762 amandanda
1630 739 1705 767 sunt,
1721 744 1785 768 cum

998 777 1050 796 nec
1061 769 1088 805 in
1104 768 1304 805 antiquissimis
1319 769 1521 805 exemplaribus
1534 771 1717 804 reperiantur,
1734 779 1786 799 nec

998 804 1070 841 apud
1087 805 1116 832 S.
1129 804 1309 841 Antoninum,
1329 812 1381 832 nec
1395 812 1510 841 usquam
1527 805 1598 840 apud
1614 806 1682 833 alios
1701 807 1786 841 (quod

998 839 1122 874 quidem,
1148 839 1221 876 facta
1248 839 1370 876 diligenti
1398 839 1585 875 inquisitione,
1608 839 1786 876 sciam)'ulla

997 879 1106 910 exstent
1119 874 1244 909 vestigia,
1258 874 1331 909 quod
1351 874 1456 902 scilicet
1471 875 1639 910 Gaugericus
1655 874 1737 903 fuerit
1755 877 1784 904 S.

997 909 1121 941 Taurini,
1134 911 1181 944 qui
1198 910 1319 937 secundo
1333 910 1400 937 vixit
1416 909 1702 944 satculo,’germanus.
1717 911 1785 939 Nam

996 945 1164 980 Gaugericus
1179 945 1321 980 minimum
1338 949 1456 980 quatuor
1471 945 1577 973 sarculis
1594 947 1728 980 posterior
1743 951 1786 974 est

998 979 1028 1007 S.
1047 979 1177 1007 Taurino.
1201 979 1277 1007 Adde
1300 979 1327 1007 S.
1348 979 1500 1007 Taurinum
1524 979 1617 1008 Roma:
1641 986 1734 1008 natum
1759 988 1786 1009 et

995 1015 1142 1042 educatum
1175 1015 1346 1050 temporibus
1379 1015 1525 1043 Domitiani
1554 1017 1728 1051 imperator-:5
1759 1022 1786 1044 et

996 1051 1146 1078 Clementis
1160 1050 1308 1087 pontiﬁcis,
1330 1055 1359 1078 ut
1376 1051 1476 1087 habent
1501 1051 1561 1085 ejus
1576 1051 1667 1087 Acta;
1678 1051 1786 1087 Gange-

996 1086 1084 1122 ricum
1099 1093 1166 1122 vero
1179 1085 1206 1113 in
1222 1086 1363 1122 provincia
1379 1086 1487 1122 Belgica
1501 1091 1527 1113 et
1544 1086 1647 1113 ditione
1659 1085 1787 1114 Lutzein-

996 1121 1301 1157 burgensiLnempeNin
1320 1122 1382 1148 villa
1400 1121 1520 1157 Evosioir
1532 1129 1613 1157 quam
1637 1130 1710 1149 nunc
1727 1121 1786 1148 lvo-

996 1155 1070 1183 dium
1085 1160 1111 1184 et
1130 1156 1234 1183 Gallice
1256 1155 1330 1184 Υυυίε
1346 1164 1486 1185 vocamus.
1502 1155 1635 1191 Et'hujus
1651 1157 1689 1184 rei
1714 1159 1787 1185 anli-

996 1199 1081 1225 quum
1103 1195 1130 1218 et
1150 1192 1317 1218 luculentum
1337 1195 1433 1219 testem
1459 1192 1592 1219 habemus
1612 1191 1785 1220 Baldcricum

995 1226 1205 1254 Noviomensem
1224 1227 1382 1262 episcopum
1402 1227 1429 1254 in
1448 1227 1569 1254 Historia
1584 1226 1785 1255 Cameracensis

994 1267 1020 1289 et
1042 1261 1222 1289 Atrebatenst's
1241 1261 1383 1294 Ecclesiw,
1400 1263 1447 1290 lib.
1469 1270 1517 1296 ιιι,
1534 1269 1593 1297 cap.
1617 1262 1671 1289 57:
1690 1273 1698 1287 ι
1715 1263 1787 1291 Hinc

996 1302 1102 1328 autem,
1123 1297 1225 1332 inquit,
1248 1297 1398 1331 imperatOr
1413 1305 1541 1332 egressus
1563 1297 1710 1330 (Henricus
1730 1299 1787 1326 sci-

996 1332 1059 1369 licet
1072 1339 1088 1359 e
1106 1332 1206 1369 palatio
1220 1331 1404 1369 Aquisgrano)
1421 1331 1456 1360 ad
1479 1333 1607 1369 Evosium
1622 1333 1712 1369 villam
1729 1334 1787 1361 sci-

996 1367 1060 1394 licet
1075 1367 1286 1400 pulcherrimam
1307 1367 1477 1402 quam‘beati
1497 1368 1623 1395 videlicet
1638 1367 1784 1403 Gaugerici

996 1403 1124 1429 nativitas
1138 1403 1266 1435 illustrat,
1282 1411 1344 1429 cum
1361 1404 1530 1437 primoribus
1544 1403 1654 1438 quidem
1671 1412 1785 1431 suorum

996 1439 1179 1474 palatinorum
1206 1438 1333 1474 intendit.
1348 1448 1356 1464 ι
1384 1438 1418 1466 Ει
1437 1439 1518 1474 paulo
1542 1438 1657 1466 inferius
1675 1449 1681 1466 :
1708 1448 1717 1465 ι
1733 1439 1785 1466 Sa-

995 1473 1102 1507 pienter
1114 1473 1216 1508 quippe
1230 1473 1365 1508 disposito
1376 1494 1384 1507 ,
1400 1478 1429 1501 ut
1445 1475 1472 1501 in
1486 1481 1518 1501 eo
1537 1474 1608 1505 loco,
1624 1474 1671 1501 ubi
1686 1474 1786 1502 beatis-

996 1508 1096 1535 simum
1113 1509 1293 1543 Gaugericum
1319 1513 1441 1540 noverat,
1457 1509 1517 1543 ejus
1531 1509 1690 1544 gaudiosam
1706 1509 1784 1537 festi—

995 1543 1106 1571 vitatem
1121 1551 1181 1579 quat
1210 1551 1240 1570 ιιι
1256 1543 1323 1571 idib.
1338 1544 1452 1579 Augusti
1471 1548 1528 1574 est,
1548 1544 1688 1572 celebrare
1708 1546 1786 1571 veni-

995 1584 1067 1615 retq
1085 1578 1216 1615 Accidere
1237 1579 1294 1615 haec
1309 1578 1596 1615 antio'Domini71025,
1609 1579 1688 1613 juxta
1707 1579 1786 1615 Sige-

995 1613 1074 1650 bertir
1086 1614 1253 1642 Chronicon.
1273 1614 1375 1642 Deinde
1389 1615 1446 1642 haec
1459 1614 1542 1642 verba
1561 1618 1682 1641 extrema
1701 1613 1784 1650 hujus

995 1649 1093 1685 capitis
1109 1650 1210 1677 nullam
1234 1657 1346 1684 prorsus
1363 1650 1462 1677 habent
1483 1657 1543 1676 cum
1564 1650 1702 1685 prioribus
1717 1649 1786 1677 con-

995 1684 1150 1712 nexionem.
1164 1685 1230 1717 Quae
1245 1686 1329 1715 enim,
1346 1685 1453 1716 amabo,
1465 1690 1508 1712 est
1523 1685 1550 1711 in
1566 1685 1609 1712 his
1631 1687 1786 1713 connexio?

997 1727 1007 1755 ξ
1024 1718 1054 1745 Ei
1080 1724 1110 1746 ut
1127 1721 1254 1755 cognovit
1274 1720 1447 1755 (Dionysius)
1463 1728 1524 1747 cum
1544 1720 1622 1748 hoste
1638 1721 1732 1755 rapido
1754 1730 1785 1749 se

995 1753 1096 1783 habere
1109 1753 1282 1788 conflictum,
1297 1753 1446 1782 Taurinum
1462 1755 1587 1782 eumdem
1602 1753 1726 1783 Ebroicae
1741 1758 1783 1784 ci-

994 1789 1087 1825 vitatis
1101 1791 1239 1825 ordinavit
1253 1791 1423 1825 episcopum.
1439 1789 1499 1817 Jam
1515 1791 1587 1817 enim
1608 1791 1785 1820 ordinaverat

994 1824 1022 1861 i_n
1036 1825 1146 1861 civitate
1161 1824 1308 1853 cameraca
1323 1824 1483 1861 germanum
1496 1825 1556 1860 ejus
1567 1825 1758 1860 Gaugericum.
1771 1838 1780 1853 I

995 1858 1109 1896 Egregia
1134 1868 1199 1888 vero
1223 1858 1472 1896 causal'praiclara
1493 1858 1581 1888 ratio!
1602 1858 1785 1890 ordinaverat

994 1893 1173 1931 Qaugericum
1197 1893 1353 1927 Cameraci'.
1382 1903 1447 1931 ergo
1470 1896 1607 1923 ordinavit
1632 1895 1784 1925 Taurinum

995 1929 1126 1958 Ebroicaa.
1140 1931 1262 1965 Tollatur
1277 1932 1392 1967 proinde
1415 1929 1535 1966 ineptum
1552 1932 1616 1959 illud
1638 1939 1784 1960 assumen-

995 1969 1052 2002 tum
1065 1967 1099 1993 ab
1110 1972 1232 1995 extremo
1246 1967 1292 1993 illo
1303 1967 1402 2002 capite.
1414 1967 1492 1999 Quod
1505 1967 1634 1994 fecissent
1646 1968 1783 2001 profecto,

994 1999 1040 2037 gui
1056 2009 1153 2028 novam
1177 2002 1297 2036 Operum
1313 1999 1448 2029 Vincentii
1465 2002 1612 2029 editionem
1628 1999 1717 2037 nuper
1737 1999 1784 2031 hic

994 2035 1078 2075 Duaci
1095 2035 1250 2070 ediderunt,
1272 2038 1296 2065 si
1312 2038 1402 2065 locum
1421 2037 1602 2064 attendissent
1615 2035 1697 2072 atque
1717 2047 1785 2066 exa-

993 2076 1157 2100 mmassent.

1031 2106 1077 2134 Sic
1091 2107 1125 2135 de
1144 2106 1264 2136 Taurino
1279 2107 1431 2135 Romanum
1455 2106 1676 2143 Martyrologium
1697 2109 1731 2135 ad
1751 2110 1779 2137 ll

994 2140 1075 2178 diem
1089 2143 1201 2177 Augusti
1227 2153 1233 2170 :
1257 2153 1266 2169 ι
1281 2143 1360 2178 Apud
1379 2140 1561 2178 Ebroiceiises
1586 2140 1616 2169 iii
1635 2143 1734 2177 Callia,
1752 2145 1782 2173 S.

995 2175 1108 2213 Taurini
1123 2175 1255 2213 episcopi,
1272 2175 1319 2213 qui
1335 2186 1349 2205 a
1363 2177 1392 2205 Β.
1407 2177 1547 2213 Clemente
1561 2185 1629 2212 papa
1645 2175 1730 2207 illius
1740 2181 1783 2207 ci-

994 2212 1086 2249 vitatis
1108 2212 1253 2249 episcopus
1267 2212 1423 2249 ordinatus,
1434 2212 1573 2249 Evangelii
1590 2213 1785 2247 praedicatione

994 2247 1267 2285 Christianamllidem
1279 2248 1449 2285 propagavit,
1459 2256 1491 2275 ae
1505 2248 1598 2285 multis
1611 2256 1660 2283 pro
1672 2256 1705 2276 ea
1719 2258 1784 2278 sus-

994 2283 1081 2319 ceptis
1106 2283 1260 2316 laboribus,
1279 2283 1477 2311 miraculorum
1499 2283 1586 2319 gloria
1613 2285 1784 2319 conspicuus

993 2318 1199 2346 obdormivit‘in
1214 2319 1340 2346 Domino.
1354 2329 1363 2345 ι

1028 2352 1125 2391 Petrus
1142 2354 1298 2391 Calesinius
1312 2358 1404 2391 autem
1417 2354 1446 2391 in
1461 2362 1511 2391 suo
1527 2353 1731 2391 hiartyrologio.
1747 2357 1784 2385 ad

993 2389 1116 2425 eamdem
1133 2389 1220 2421 diem,
1239 2398 1273 2417 ex
1292 2390 1361 2425 ipsis
1384 2389 1514 2425 Ecclesia:
1538 2389 1714 2419 Ebroicensis
1738 2398 1783 2419 ta-

993 2423 1066 2461 bulis
1092 2424 1133 2461 sic
1157 2425 1263 2452 habet:
1292 2423 1400 2461 (Apud
1424 2424 1605 2453 Ebroiccnscs
1629 2426 1656 2453 in
1679 2426 1782 2461 Gallia,

994 2458 1148 2496 S._Taurir_ii
1167 2460 1300 2496 episcopi.
1322 2458 1354 2488 ls’
1368 2460 1489 2496 Dionysii
1507 2461 1676 2496 Areopagitae
1696 2458 1784 2490 αἰδειέ

993 2494 1074 2529 pulus
1089 2503 1103 2521 a
1121 2494 1149 2522 B.
1162 2494 1302 2523 Clemente
1320 2494 1449 2530 pontiﬁce
1472 2494 1591 2522 maximo
1615 2494 1642 2523 in
1663 2496 1783 2524 Galliam

992 2531 1105 2564 missus,
1126 2531 1254 2566 illiusque
1274 2531 1357 2566 486
1375 2531 1494 2558 civitatis
1512 2531 1658 2566 episcopus
1681 2539 1783 2560 conse-

992 2570 1101 2602 cratus,
1125 2574 1199 2602 verte
1221 2566 1249 2593 in
1272 2568 1389 2601 |Christo
1417 2566 1557 2602 religionis
1584 2567 1691 2597 doctor,
1720 2574 1784 2602 post

992 2601 1088 2632 multa,
1104 2609 1165 2636 qua:
1181 2601 1319 2636 Evangelii
1342 2601 1539 2629 disseminandi
1563 2609 1647 2628 causa
1670 2602 1783 2630 fortiter

992 2637 1114 2670 pertulit,
1128 2637 1322 2669 cruciamenta,
1341 2636 1448 2664 demum
1464 2636 1669 2669 miraculorum,
1681 2639 1783 2672 pieque

992 2677 1130 2705 gestarum
1145 2680 1253 2704 rerum,
1272 2679 1305 2698 ac
1324 2672 1386 2699 ﬁdei
1405 2676 1559 2707 propagata
1579 2672 1658 2700 laude
1673 2675 1780 2707 clarus,

992 2707 1157 2735 obdormivit
1171 2709 1199 2735 in
1215 2707 1339 2735 Domino.
1351 2717 1361 2732 ι

1027 2742 1180 2770 Notandum
1195 2751 1277 2779 porro
1304 2750 1360 2779 non
1374 2741 1454 2770 aliter
1466 2742 1519 2769 dici
1536 2750 1617 2776 posse
1630 2750 1781 2779 consecra-

991 2782 1048 2805 tum
1069 2778 1229 2813 episcopum
1262 2785 1277 2804 a
1299 2778 1440 2806 Clemente
1458 2799 1466 2811 ,
1481 2785 1572 2813 rquam
1596 2778 1778 2813 approbando

992 2812 1154 2840 electionem
1165 2812 1197 2840 iet
1216 2812 1461 2841 consecrationem.
1478 2812 1546 2839 Nam
1561 2821 1623 2840 cum
1638 2812 1780 2840 Taurintis

992 2856 1006 2874 ει
1020 2849 1158 2883 Clemente
1175 2849 1201 2876 in
1219 2849 1333 2876 Galliam
1352 2856 1414 2874 cum
1432 2847 1562 2883 Dionysio
1576 2848 1709 2876 dimissus
1724 2854 1779 2880 est,

993 2883 1138 2912 admodum
1153 2885 1323 2918 adolescens,
1337 2887 1363 2911 ct
1376 2890 1443 2919 pene
1458 2891 1524 2919 puer
1534 2887 1603 2917 erat,
1616 2889 1644 2911 ut
1655 2892 1687 2911 ex
1701 2883 1782 2912 Artis
