1929 3092
171 222 223 250 817

667 222 760 254 VITA,
781 221 935 250 Al'CT.P.
957 220 1107 250 HALLOIX
1127 221 1200 249 SOC.
1221 221 1315 250 JESU.

1742 222 1794 250 818

172 286 216 310 rat
242 282 431 318 apostolicam,
443 282 534 318 Ahoece
556 282 638 318 etiam
662 282 804 317 privilegio
822 282 961 309 frueretur
975 286 997 313 A
1014 282 1102 310 ferens
1114 282 1217 310 diutius
1231 282 1303 318 illam
1315 282 1454 317 languere,
1467 285 1549 318 atque
1559 289 1590 308 ex
1603 289 1635 318 ea
1647 281 1796 312 refectione

173 325 236 346 vere
249 316 418 354 apostolico.
439 316 649 354 Scio_cqiiitlem
659 338 667 348 ,
689 318 750 354 aliis
765 316 881 354 quoque
898 322 959 352 post

173 351 282 380 smculis
306 352 454 380 nonnullos
475 360 488 378 a
504 352 614 379 Christo
632 351 747 387 Domino
769 351 851 379 simili
874 351 960 387 prope

174 389 286 415 aﬁ‘ectos
300 388 404 415 honore
414 391 441 414 et
457 387 597 414 beneﬁcio.
618 386 683 414 Nam
699 388 798 414 habent
810 386 882 414 Acta,
896 386 960 414 .m—

174 423 314 452 bianensis
333 423 471 455 Ecclesiae,
489 423 517 449 S.
532 421 682 449 Firminuin
699 423 772 450 illius
794 423 886 457 populi
902 423 961 457 epi-

174 466 303 493 scopum.
327 466 388 485 cum
410 458 494 485 aedem
521 465 603 492 supra
631 457 743 484 Firmini
765 458 892 493 martyris
904 458 960 488 sibi

173 494 344 528 cognominis
356 494 511 527 sepulcrum
526 493 553 519 in
574 493 704 520 honorem
719 493 883 520 beatissime
896 493 961 528 γὴ·-

172 527 245 564 ginis
270 529 485 564 construxisset,
504 527 641 564 ibiquerin
662 528 706 554 die
721 528 865 555 Paschatis
891 527 961 564 festo

174 563 253 591 sacra
264 564 374 594 faceret,
386 563 486 590 Christi
504 563 608 589 Domini
624 563 764 590 dexteram
777 564 826 590 sibi
842 563 960 590 sanctis-

173 599 242 626 sima
258 599 385 634 mysteria
402 599 585 633 porrigentem
613 598 799 634 conspexisse.
825 598 862 625 De
883 599 960 634 beata

173 634 246 660 idem
264 633 367 665 Cbleta,
387 634 489 668 virgine
506 634 705 660 ardentissima:
719 634 745 660 in
758 633 851 660 Jesum
869 633 960 660 chari-

174 669 249 701 tatis,
267 668 350 696 refert
371 669 432 703 ejus
452 668 522 695 Vita:
537 673 632 695 auctor
651 668 808 703 Stephanus
823 667 963 701 Julianus,

173 711 199 731 c.
216 704 260 735 45,
280 712 341 731 cum
355 704 532 731 sanctissimo
547 703 619 730 rcﬁci
637 708 808 730 sacramento
823 704 961 738 percupis-

174 743 230 770 set,
247 743 274 766 et
290 747 322 766 ex
339 739 520 766 sacriﬁcantis
541 739 678 766 oblivione
693 743 853 766 consecrata
870 739 959 765 hostia

173 782 228 801 non
250 774 357 805 fuisset,
378 774 466 809 ipsum
484 773 625 800 Dominum
642 773 734 801 Jesum
757 774 815 801 suis
833 773 960 800 manibus

173 810 402 844 pretiosissimum
419 816 519 843 corpus
535 817 613 844 suum
631 809 655 835 ei
675 809 815 836 obtulisse.
832 809 881 835 Vir
894 809 958 836 item

172 845 337 871 venerabilis
361 844 480 871 Iacobus
495 844 529 871 de
545 843 666 871 VitriacO
687 845 801 878 loquens
818 844 852 870 de
875 844 959 871 claris

174 879 373 906 Leodiensibus
396 879 513 911 feminis,
530 879 556 905 in
571 878 686 914 Prolcgo
700 879 733 906 ad
749 878 838 906 Vitam
859 878 887 905 S.
902 878 960 904 Ma-

173 915 220 941 riae
234 914 428 949 (Egniacensis
440 915 507 947 (erat
521 915 591 940 enitii
607 914 697 941 Leodii
711 917 768 940 tum
789 913 959 940 archidiaco—

173 957 243 979 nus,
271 954 364 984 postea
385 953 475 976 autem
501 949 655 984 episcopus.
680 949 768 984 primo
788 949 956 979 Aconensis,

170 983 279 1011 deinde,
290 985 479 1014 Tusculanus,
496 988 634 1018 postremo
654 984 682 1011 S.
697 983 730 1010 Β.
746 984 776 1011 Ε.
793 984 957 1016 cardinalis)

172 1019 206 1046 ad
224 1019 371 1047 Fulconcm
394 1020 551 1054 episcopum
568 1019 734 1046 Tolosanum
749 1019 786 1046 ita
802 1019 897 1054 scribit
920 1019 958 1045 in-

172 1058 214 1081 ter
235 1055 287 1081 alia
302 1063 307 1080 :
328 1065 336 1080 ι
351 1053 419 1082 Novi
441 1062 491 1089 ego
506 1055 652 1089 quamdam
667 1055 693 1081 in
713 1054 747 1080 iis
762 1054 866 1081 sanctis
881 1053 958 1080 femi-

1012 319 1057 345 illa
1073 318 1222 344 convaluit.
1246 327 1254 343 ›
1275 317 1356 344 Plura
1367 316 1401 344 Vin
1418 317 1504 344 sacris
1519 316 1656 347 Historiis.
1672 322 1719 344 aut
1734 325 1796 344 san-

1011 357 1118 379 ctorum
1134 352 1204 379 Vitis
1217 352 1350 387 ejusmodi
1367 352 1446 379 liceat
1458 352 1577 386 reperire
1593 353 1730 386 exempla;
1747 352 1795 380 sed

1012 393 1067 414 tam
1080 391 1237 422 augustum,
1254 391 1280 415 et
1296 391 1370 414 tanta
1385 395 1445 413 cum
1459 388 1529 418 luce,
1545 390 1577 414 et.
1586 394 1647 414 cum
1668 390 1722 414 tam
1743 395 1796 414 nu,-

1011 430 1120 449 meroso
1145 428 1256 457 tamque
1281 423 1437 457 aspectabili
1463 422 1619 457 angelorum
1642 422 1794 455 comitatu,

1010 465 1091 493 quam
1107 458 1137 486 Β.
1150 457 1290 493 Dionysio,
1306 458 1436 484 hactenus
1450 458 1564 484 nullum.

1046 492 1162 525 Verum,
1183 492 1259 520 ne’id
1276 493 1394 523 excidat,
1407 493 1453 519 ille
1470 493 1540 519 idem
1560 493 1628 527 lapis
1643 499 1730 523 sacer,
1747 500 1795 523 su,-

1029 536 1059 555 er
1082 535 1163 562 quem
1186 529 1213 555 in
1237 536 1349 555 carcere
1372 527 1399 555 S.
1417 527 1562 562 Dionysius
1591 535 1646 555 rem
1675 528 1794 557 divinam

1010 536 1059 590 per
1082 536 1163 562 quem
1186 537 1213 555 In
1237 536 1349 555 carcere
1372 536 1399 555 δ.
1418 536 1562 562 Dionysius
1591 536 1646 555 rem
1675 536 1794 557 umnam

1023 563 1143 594 acicbat,
1168 563 1318 590 translatus
1346 563 1430 590 fuisse
1454 563 1556 589 dicitur
1582 563 1614 589 ad
1638 563 1795 591 coenobium

1013 598 1041 626 S.
1062 597 1135 624 Petri
1152 598 1311 625 Broniensis
1327 598 1352 624 in
1370 598 1512 625 Leotliensi
1530 597 1612 624 situm
1628 598 1741 625 ditione.
1758 597 1796 625 De

1011 641 1065 667 quo
1080 633 1117 659 ita
1138 632 1262 667 [Egidius
1276 634 1371 660 Aurea:
1385 633 1474 665 vallis,
1491 633 1562 667 apud
1571 633 1739 663 Anselmum,
1758 632 1796 661 De

1011 669 1090 702 gestis
1103 667 1228 700 Stephani
1245 669 1358 702 episcopi
1370 668 1533 699 Leodiensis,
1549 675 1610 702 cap.
1623 667 1676 694 40:
1696 677 1706 693 ε
1727 667 1801 699 Νίιιῐιτ

1012 703 1134 737 τθιὶῳιῖω
1150 703 1178 730 S.
1193 703 1340 738 Leodegari
1355 704 1476 738 episcopi
1492 707 1519 730 et
1535 703 1674 738 martyris,
1689 706 1716 729 et
1727 703 1796 737 lapis

1012 746 1095 772 super
1113 746 1193 774 quem
1209 739 1238 765 B.
1255 738 1401 774 Dionysius
1418 746 1536 774 sacrum_
1544 738 1703 773 mysterium
1722 739 1796 774 cele-

1011 774 1100 804 bravit
1118 773 1145 800 in
1162 781 1282 805 carcere,
1297 772 1358 801 cum
1372 774 1504 800 Dominus
1522 772 1602 800 Jesns
1617 773 1741 807 apparuit
1755 773 1796 799 ei-

1011 808 1071 835 dcm
1083 808 1151 835 dans
1165 809 1202 834 illi
1214 812 1395 840 sacramenta,
1408 810 1436 835 in
1448 809 1521 836 dicto
1533 809 1658 835 ctenobio
1668 808 1797 835 dicuntur

1011 851 1071 871 esse
1091 844 1233 870 translata.
1253 853 1262 868 ι
1279 843 1324 870 Sic
1338 844 1385 871 ibi.

1042 878 1098 914 (68)
1110 879 1203 913 Accipe
1214 878 1271 911 hoc,
1288 879 1364 905 cliare
1378 887 1459 911 metu,
1469 883 1522 906 etc.
1529 878 1614 914 Yet-ha
1624 878 1681 905 haec
1692 877 1796 905 Christi

1011 914 1044 940 ad
1063 913 1220 949 Dionysium
1234 915 1337 948 prolata
1353 914 1433 940 etiam
1450 914 1521 949 apud
1539 913 1696 940 llildnimun
1713 914 1796 940 abba-

1011 953 1067 984 tem?
1091 948 1219 983 reperies.
1244 949 1336 983 Neque
1364 948 1506 975 dissimilia
1537 949 1608 984 apud
1638 948 1797 983 Dionysium

1011 983 1160 1010 Rickelium
1171 1004 1177 1013 ,
1202 984 1250 1011 lib.
1271 992 1295 1011 iv
1313 984 1349 1010 De
1374 984 1532 1016 novissimis,
1548 983 1600 1012 a‘rt.
1614 984 1659 1014 59,
1674 985 1726 1010 sub
1740 991 1796 1010 me-

1010 1019 1084 1045 dium
1103 1027 1108 1043 :
1124 1028 1133 1043 ι
1149 1018 1279 1053 Denique,
1296 1019 1394 1054 inquit,
1407 1019 1499 1046 divino
1514 1024 1541 1047 et
1555 1027 1652 1054 magno
1667 1019 1797 1053 Dionysio

1009 1053 1181 1094 Christusin
1192 1062 1305 1094 carcere
1320 1053 1464 1094 apparens,
1480 1053 1615 1089 suumque
1630 1062 1730 1089 corpus
1741 1059 1798 1094 tra-

172 1090 226 1120 nis,
241 1090 297 1121 cui,
312 1097 374 1117 eum
387 1090 490 1124 ingenti
506 1090 562 1117 veri
578 1090 651 1117 illius
668 1089 736 1124 Agni
747 1097 845 1116 carnes
859 1089 958 1115 edendi

1010 1089 1088 1119 dens,
1106 1098 1114 1114 ι
1135 1089 1234 1123 Accipe
1247 1109 1264 1125 ,ν
1283 1090 1337 1121 ait,
1361 1090 1422 1120 hoc,
1441 1090 1523 1116 chare
1554 1097 1631 1118 mens
1643 1112 1649 1123 ,
1667 1089 1796 1125 quoniam

171 1124 309 1152 desiderio
328 1129 479 1157 teneretur,
505 1125 563 1159 ipse
579 1125 672 1160 Agnus
688 1133 717 1152 se
740 1124 886 1160 impertiit,
903 1131 958 1150 non

1011 1131 1117 1152 merces
1133 1128 1180 1151 tua
1196 1124 1266 1158 apud
1281 1132 1323 1152 me
1338 1132 1434 1160 magna
1448 1128 1490 1152 est
1504 1125 1591 1152 valde.
1610 1134 1619 1150 ι

971 1197 1007 1205 η-

839 1241 920 1278 497
932 1241 1048 1270 CAPUT
1068 1242 1126 1269 xx.

499 1301 622 1336 Martyrii
639 1305 749 1335 tempus,
766 1301 850 1333 locus,
866 1306 891 1328 et
906 1301 962 1328 alia
978 1301 1018 1328 his
1031 1301 1168 1336 adjuncta,
1183 1299 1326 1334 audituque
1337 1300 1481 1328 mirabilia.

208 1360 244 1386 De
263 1364 385 1395 tempore
397 1364 425 1387 et
439 1361 614 1395 imperatore,
633 1369 688 1395 quo
709 1360 740 1387 B.
761 1360 909 1396 Dionysius
934 1362 1016 1388 terris
1042 1360 1170 1392 excessit,
1193 1367 1247 1387 non
1265 1364 1307 1387 est
1327 1360 1460 1390 omnium,
1479 1364 1525 1386 aut
1541 1361 1632 1395 potius
1655 1369 1708 1387 non
1730 1361 1792 1393 fuit,

171 1403 225 1422 una
239 1396 388 1430 eademque
409 1397 554 1423 sententia.
573 1395 639 1422 Nam
656 1397 688 1422 ad
711 1396 862 1423 Adrianum
879 1397 1070 1431 imperatorem
1086 1397 1230 1430 plerosque
1246 1403 1340 1422 omnes
1355 1403 1426 1421 nunc
1444 1395 1586 1429 inclinare,
1602 1401 1650 1422 aut
1662 1401 1734 1424 certe
1751 1398 1795 1424 in-

170 1432 323 1457 clinaturos
341 1431 466 1464 equidem
491 1432 575 1458 credo
598 1435 626 1458 et
648 1439 739 1465 spero.
760 1430 882 1458 Fuerunt
902 1430 987 1466 igitur
1008 1432 1152 1463 hactenus,
1168 1432 1242 1465 iique
1263 1438 1318 1457 non
1344 1431 1434 1466 pauci,
1455 1430 1511 1466 qui
1528 1431 1679 1465 imperante
1701 1431 1794 1459 Domi—

170 1466 247 1502 tiano
262 1466 335 1502 (69);
354 1465 463 1502 [uerunt
484 1470 511 1493 et
538 1467 672 1499 nonnulli,
689 1466 742 1502 qui
762 1466 882 1500 Trajano
906 1465 973 1502 (70).
991 1466 1103 1493 fuerunt
1124 1471 1152 1502 et
1177 1465 1317 1502 tertiiwqui
1342 1465 1463 1492 Adriano
1491 1465 1602 1500 Trajani
1630 1474 1796 1502 successore

171 1501 453 1536 Dionysiuugobtenta
464 1502 717 1536 palma,emigrassc
728 1501 851 1528 dicerent
865 1506 892 1528 et
906 1503 1102 1529 conﬁrmarent
1120 1511 1126 1528 :
1144 1501 1208 1528 itide
1223 1501 1339 1532 scilicet,
1352 1504 1416 1527 nata
1428 1501 1596 1531 diversitate,
1614 1501 1685 1536 quod
1700 1502 1796 1536 primis

169 1545 185 1563 a
201 1535 312 1564 Christo
328 1536 497 1570 temporibus
510 1535 578 1562 Acta
592 1535 893 1572 martyrumrmemoria
910 1538 995 1572 magis
1015 1544 1096 1570 quam
1117 1537 1220 1571 scripto
1237 1536 1461 1563 continerentur:
1476 1536 1605 1570 quoniam
1623 1535 1795 1565 Christianis

171 1579 219 1605 per
235 1572 296 1598 illas
313 1572 533 1605 persecutionum
549 1572 685 1605 procellas
701 1571 792 1606 potius
808 1572 922 1598 vacabat
942 1571 1050 1599 fortiter
1070 1579 1126 1598 rem
1145 1579 1256 1605 gerere,
1279 1578 1359 1605 quam
1380 1575 1484 1605 gestam
1510 1571 1646 1606 eleganter
1670 1574 1794 1599 conscri-

171 1606 246 1633 bere.
262 1609 321 1638 Quo
338 1606 439 1633 factum
453 1610 506 1637 est,
523 1610 551 1632 ut
574 1614 636 1633 cum
656 1607 787 1634 memoria
812 1607 897 1633 multo
912 1607 947 1634 sit
967 1606 1102 1634 factorum
1118 1606 1289 1637 retinentior,
1307 1613 1388 1640 quatit
1411 1606 1564 1637 notninum,
1581 1607 1609 1632 in
1627 1607 1792 1634 oblivionem

172 1642 282 1677 nomina
302 1641 498 1677 iverintafacta
509 1641 542 1667 ad
559 1641 610 1667 hoc
622 1641 670 1677 invi
687 1642 874 1676 perennat-int.
891 1641 982 1677 Longe
999 1646 1059 1676 post
1074 1646 1176 1673 autem,
1189 1649 1251 1668 cum
1266 1641 1348 1668 etiam
1359 1641 1469 1675 scriptis
1489 1641 1611 1677 mandari
1628 1646 1718 1676 empta
1731 1648 1795 1670 sunt

171 1680 244 1707 acta,
259 1676 313 1712 fuit
327 1676 467 1712 historicis
479 1680 555 1712 tanto
567 1681 632 1712 post
642 1676 786 1703 intervallo
802 1676 834 1703 ad
850 1676 1004 1712 temporum
1023 1681 1113 1707 notas,
1129 1680 1157 1703 et
1172 1676 1207 1703 ad
1221 1676 1415 1712 imperatorum
1431 1676 1555 1712 nomina_
1565 1677 1731 1710 conjecturis
1743 1678 1795 1704 ad--

171 1711 325 1738 nitendum.
344 1710 420 1743 Qum,
438 1718 499 1737 cum
512 1711 566 1737 sitit
579 1719 611 1737 ex
628 1711 800 1745 ingeniorum
814 1710 948 1739 varietate
961 1712 1048 1739 variis
1065 1712 1156 1743 variae,
1175 1712 1240 1738 hinc
1253 1711 1376 1746 quidam,
1393 1715 1422 1738 ut.
1434 1711 1466 1737 ad
1485 1719 1528 1738 res
1543 1710 1664 1746 Dionysii
1682 1715 1793 1739 ventum

170 1750 225 1777 est,
243 1746 418 1772 considerata
434 1746 499 1772 hinc
516 1749 727 1777 tormentorum,
740 1754 801 1781 quae
819 1754 916 1781 passus
931 1750 984 1779 est,
997 1747 1155 1778 acerbitate,
1173 1747 1249 1773 illinc
1269 1746 1329 1780 ejus
1346 1750 1433 1777 aztate,
1454 1753 1536 1780 quam
1556 1747 1590 1772 ad
1609 1747 1794 1774 Domitianum

171 1781 598 1817 pervenisseinullus_dubitaret,
615 1781 718 1808 idcirco
732 1782 855 1816 martyrii
870 1786 977 1817 tempus
990 1782 1022 1809 ad
1040 1781 1185 1808 Domitiani
1201 1786 1320 1816 tempora
1335 1782 1497 1808 retulerunt.
1514 1781 1567 1807 Alii
1583 1789 1647 1810 vero
1660 1782 1794 1816 conjectis

170 1816 199 1852 in
213 1817 266 1843 alia
282 1816 382 1847 oculis,
398 1819 425 1843 et
443 1815 566 1851 Dionysii
585 1816 673 1852 ipsius
688 1815 964 1852 peregrinationeset
977 1817 1079 1852 scripta
1089 1817 1247 1852 diligentius
1260 1817 1362 1848 rimati,
1378 1820 1539 1852 repererunt
1554 1817 1650 1844 saltem
1675 1815 1796 1844 ad’Tra.

168 1851 225 1887 iani
240 1858 302 1878 eum
314 1855 437 1887 tempora
456 1851 626 1886 pervenisse.
642 1851 726 1878 Terlii
738 1851 868 1887 denique,
881 1860 943 1879 cum
963 1852 1050 1886 ipsius
1066 1851 1195 1887 martyris
1213 1855 1317 1878 veteres
1332 1851 1489 1883 memorias,
1507 1856 1563 1887 tuin
1577 1853 1628 1878 alia
1641 1853 1794 1887 priscorum

171 1886 205 1923 de
217 1887 263 1913 illo
281 1885 649 1923 antiquissimapel-scrutati
666 1885 844 1923 monumenta
860 1887 921 1914 ﬁdis
934 1885 1057 1922 vestigiis
1070 1885 1151 1923 etiam
1164 1887 1236 1913 ultra
1250 1887 1385 1923 progressi
1401 1890 1476 1923 sunt,
1492 1890 1518 1913 et
1533 1885 1690 1923 Dionysium
1705 1888 1795 1922 egisse

170 1922 327 1957 obiisseque
348 1922 429 1948 vitam
445 1921 567 1948 Adriano
590 1922 754 1957 imperatore
766 1921 1015 1956 deprehenderunt,
1031 1921 1203 1957 posterisque
1213 1921 1394 1949 tradiderunt.
1412 1921 1449 1948 Ita
1465 1921 1794 1949 veterrimiconcinnator

172 1956 358 1992 Martyrologii
377 1957 444 1992 (71),
456 1957 492 1983 ita
507 1957 671 1992 venerabilis
686 1957 758 1984 Beda
774 1957 841 1992 (72),
859 1957 896 1984 ita
910 1958 968 1984 Αᾱο
981 1956 1144 1984 Viennensis
1158 1957 1314 1991 episcopus,
1328 1957 1363 1983 ita
1373 1957 1523 1992 secundum
1545 1957 1607 1984 illos
1622 1961 1648 1984 et
1661 1958 1706 1984 alii
1721 1958 1794 1985 fece-

171 1991 250 2024 runt,
262 1997 290 2019 et
305 1991 354 2019 nus
373 1991 498 2018 fecimus.
515 1991 582 2018 Nam
600 1997 626 2019 et
646 1993 805 2024 Aristidem,
822 1992 951 2019 eximium
975 1993 1050 2020 illutn
1071 1992 1164 2019 Sieculi
1189 1992 1361 2026 scriptorem,
1383 1992 1470 2026 ipsius
1489 1991 1611 2026 Dionysii
1633 1993 1794 2027 martyrium

170 2027 284 2054 Adriani
298 2027 476 2061 consiguasse
488 2027 666 2062 temporibus,
683 2028 739 2062 jam
756 2028 821 2054 oliui
835 2032 1004 2062 compertum
1018 2031 1068 2055 est.
1087 2026 1187 2060 Quare,
1202 2030 1232 2053 ut
1245 2027 1518 2062 reinconcludamus,
1533 2034 1607 2054 anno
1620 2026 1721 2054 Christi
1738 2029 1794 2054 cir-

172 2063 240 2089 citer
258 2062 319 2098 121ἶ
333 2061 454 2098 Adriano
470 2061 607 2098 imperat.,
618 2062 792 2090 Fescennina
808 2061 936 2097 pricl'ccto
954 2063 1020 2098 (75).
1037 2063 1117 2090 victis
1138 2063 1166 2088 in
1181 2063 1256 2096 justo
1272 2061 1334 2098 ﬁdei
1356 2062 1507 2089 certamine
1526 2062 1669 2098 hostibus,
1685 2064 1793 2098 egregia

172 2097 296 2131 martyrii
313 2097 406 2123 laurea
420 2095 537 2124 donatus
548 2102 590 2124 est
602 2097 748 2132 Dionysius
762 2095 935 2132 Aréopagita,
952 2095 1121 2125 Athenarum
1139 2095 1295 2132 episcopus,
1313 2095 1462 2123 Galliarum
1477 2097 1629 2131 apostolus,
1648 2095 1730 2124 totius
1741 2095 1794 2125 0c-

172 2131 569 2167 cidentislegatus,utriusque
585 2131 756 2164 hierarchiae,
767 2131 889 2160 ccelestis
904 2137 932 2160 et
946 2131 1201 2163 ecclesiasticaac
1216 2131 1370 2159 divinorum
1383 2132 1523 2158 nominum
1540 2133 1693 2167 descriptor
1708 2137 1734 2159 et
1750 2134 1786 2160 in:

172 2171 280 2202 terpres
294 2167 423 2198 eximius,
439 2167 624 2202 theologorum
641 2168 793 2195 secundum
809 2168 949 2203 apostolos
961 2172 988 2195 et
1002 2168 1183 2202 evangelistas
1198 2167 1252 2193 dux
1268 2171 1296 2194 et
1315 2167 1511 2200 antesignanus
1525 2174 1531 2192 :
1550 2168 1595 2201 qui
1610 2171 1715 2194 atatem
1726 2168 1794 2195 vixit

173 2203 223 2239 (__uti
245 2206 272 2230 et
290 2209 451 2239 magnorum
472 2202 590 2229 virorum
611 2203 658 2230 illo
673 2211 735 2239 aevo?
745 2205 911 2239 complures)
929 2203 1036 2238 longam
1047 2204 1126 2237 juxta
1136 2207 1166 2239 et
1185 2207 1310 2239 sanetam
1327 2209 1441 2239 :neinpe
1453 2209 1539 2239 annos
1556 2203 1672 2235 amplius
1683 2207 1794 2230 centum

173 2237 266 2273 decem
279 2237 346 2273 (74).
364 2236 450 2270 Quam
465 2239 548 2264 etiam
565 2241 671 2265 aetatem
687 2238 783 2266 eodem
800 2236 859 2272 ipso
879 2236 1165 2266 sacculo‘transcendit
1185 2237 1216 2265 Β.
1243 2236 1354 2264 Simeon
1367 2236 1617 2271 Hierosolymorum
1633 2239 1792 2273 episcopus.

171 2276 199 2300 et
218 2272 319 2300 Christi
337 2276 471 2307 cognatus
485 2282 491 2299 :
508 2280 588 2306 quem
603 2277 713 2300 centum
728 2274 803 2308 ipsos
818 2274 913 2308 viginti
926 2281 1013 2300 annos
1024 2273 1156 2308 exegisse,
1167 2277 1193 2299 et
1207 2272 1354 2308 gloriosam
1373 2273 1401 2308 in
1417 2276 1471 2298 tam
1485 2273 1580 2306 grandi
1598 2280 1655 2300 atavo
1671 2274 1794 2308 martyrii

172 2315 302 2334 coronam
318 2311 485 2341 reportasse,
499 2313 603 2334 certum
621 2313 663 2335 est
681 2318 687 2335 :
704 2307 861 2343 ut’proinde
877 2309 951 2343 quod
971 2308 1005 2335 de
1026 2307 1155 2343 Dionysio
1170 2307 1292 2338 aﬂertur,
1308 2307 1380 2334 haud
1398 2308 1435 2343 ita
1452 2308 1550 2333 mirum
1565 2308 1651 2334 videri
1678 2307 1792 2342 debeat;

172 2350 235 2379 cum
248 2343 282 2370 de
296 2343 352 2379 isto
367 2343 392 2379 id
412 2343 485 2379 quod
506 2343 597 2379 minus
618 2342 759 2377 probabile
772 2343 858 2370 videri
870 2342 1076 2379 poteratknullo
1092 2342 1386 2379 dubitanterleneatur.
1399 2342 1456 2368 Hoc
1469 2342 1509 2379 der
1520 2346 1659 2379 tempore;
1675 2351 1748 2370 nunc
1760 2344 1794 2370 de

172 2378 244 2408 loco,
259 2378 410 2414 nobilitatis
421 2377 493 2414 enim
509 2377 533 2404 ei
549 2377 621 2414 facta
635 2379 759 2406 accessio
769 2377 973 2414 exigitstyluin.
988 2378 1080 2406 Locus
1096 2378 1189 2413 igitur,
1204 2378 1319 2414 libill‘es
1335 2378 1376 2414 illi
1387 2378 1512 2414 generosi
1528 2378 1794 2414 athletwivictoriam

172 2417 199 2440 et
213 2414 327 2448 gloriam
344 2413 433 2447 adepti
450 2416 524 2444 sunt,
541 2413 685 2441 colliculus
698 2414 749 2440 fuit
766 2412 827 2441 urbi
841 2412 989 2441 Parisiensi
1003 2412 1159 2442 imminens.
1171 2414 1234 2440 olim
1251 2412 1377 2440 Mercurii
1394 2413 1534 2447 (quoniam
1563 2413 1618 2440 illic
1641 2413 1792 2440 Mercurius

172 2448 277 2475 honore
303 2448 440 2482 praecipuo
455 2448 592 2484 coleretur
607 2448 664 2482 (75)
685 2449 720 2476 ab
741 2449 878 2484 indigenis
893 2450 930 2476 ita
953 2449 1088 2476 vocitatus
1106 2459 1112 2475 :
1129 2448 1177 2476 sed
1193 2448 1425 2482 consequentibus
1445 2448 1625 2484 temporibus,
1646 2453 1792 2484 propterea

171 2484 245 2518 quod
259 2483 355 2510 horum
377 2487 459 2517 atque
483 2483 598 2509 aliorum
617 2484 682 2519 item
707 2483 859 2519 martyrum
875 2485 961 2511 multo
978 2484 1110 2518 sanguine
1125 2491 1268 2518 respersus
1283 2487 1309 2510 et
1322 2484 1401 2519 quasi
1415 2487 1594 2519 consecratus
1609 2483 1701 2515 fuerit,
1714 2483 1792 2510 Mons

171 2524 331 2553 martyrum,
346 2521 374 2545 et
389 2518 482 2552 lingua
495 2519 594 2552 patria,
613 2518 788 2546 Montmartre
803 2520 884 2554 vulgo
896 2525 939 2547 est
957 2521 1111 2554 appellatus
1127 2527 1135 2547 :
1151 2519 1285 2553 hodieque
1299 2518 1334 2545 ad
1359 2521 1517 2554 perpetuam
1538 2518 1702 2554 inclytorum
1718 2527 1791 2546 mar-

172 2528 331 2553 martyrum,
346 2528 374 2545 Cl
389 2528 482 2552 lingua
496 2528 594 2552 patria,
613 2528 636 2544 ΠΙ
643 2528 788 2546 ommartre
803 2528 848 2546 νυι
868 2528 884 2547 0
896 2528 939 2547 εει
957 2528 1111 2554 appellatus
1127 2528 1135 2547 ς
1151 2528 1285 2553 nouieque
1299 2528 1334 2545 au
1359 2528 1517 2552 perpetuum
1538 2528 1702 2554 lllClleI'ulll
1718 2528 1791 2546 mar-

172 2558 263 2590 tyrum
280 2554 439 2590 memoriam
454 2561 486 2590 ea
502 2557 659 2587 perseverat
674 2554 830 2588 appellatio.
851 2528 911 2587 ἔξυο
926 2555 954 2581 in
969 2555 1029 2582 loco
1041 2554 1096 2589 (res
1107 2562 1173 2581 sane
1187 2561 1267 2584 nova,
1289 2559 1315 2580 et
1328 2557 1357 2579 ut
1370 2553 1434 2580 olim
1452 2553 1521 2586 visu,
1538 2554 1578 2590 sic
1590 2558 1616 2580 et
1627 2562 1700 2581 nunc
1715 2554 1792 2581 dictu

171 2587 345 2622 admiranda)
361 2587 483 2622 Dionysii
499 2590 628 2623 martyris
640 2587 755 2616 truncus
771 2590 838 2624 (76),
853 2591 916 2617 licet
928 2587 1074 2624 exsanguis
1088 2593 1115 2616 et
1126 2589 1187 2616 vita:
1201 2596 1308 2624 expers,
1323 2593 1414 2616 tamen
1430 2595 1461 2616 se
1474 2589 1572 2621 erexit,
1585 2593 1612 2616 et
1628 2590 1744 2616 recisum
1757 2590 1791 2615 ab

171 2624 295 2651 humeris
310 2628 391 2657 caput
404 2623 454 2659 (sic
469 2627 511 2650 est
526 2625 638 2658 antiqua
650 2623 870 2656 trailitio,'et'sic
886 2623 1041 2655 complures
1056 2625 1155 2651 litteris
1171 2623 1324 2659 prodidere)
1341 2624 1368 2650 in
1381 2631 1479 2650 manus
1490 2631 1564 2655 suas,
1583 2625 1694 2659 perinde
1711 2632 1743 2651 ac
1764 2625 1790 2651 si

169 2660 286 2690 viveret,
300 2659 412 2693 trophmi
431 2658 517 2685 instar
531 2660 648 2694 accepit.
665 2664 746 2693 atque
758 2659 792 2686 ad
808 2661 862 2687 duo
885 2661 994 2687 circiter
1008 2660 1110 2687 Gallica
1126 2660 1263 2690 milliaria,
1282 2659 1350 2686 duce
1364 2659 1470 2693 angelo,
1484 2663 1511 2685 et
1526 2658 1618 2687 choris
1632 2660 1798 2687 caelestibus

170 2701 234 2730 cum
251 2693 404 2730 admirabili
420 2697 556 2730 concentu
577 2693 784 2730 comitantibus,
799 2700 826 2722 et
839 2696 979 2730 hymnum,
1000 2696 1081 2722 modo
1096 2694 1188 2721 Gloria
1203 2694 1260 2727 tibi,
1274 2694 1392 2726 Domine,
1406 2694 1491 2730 modo
1507 2694 1623 2722 Alleluia
1633 2695 1789 2722 resonanti-

170 2729 235 2760 bus,
254 2732 308 2755 tam
324 2728 370 2755 diu
384 2728 549 2763 deportavit,
569 2729 657 2756 donec
673 2729 707 2756 ad
724 2730 812 2756 locum
831 2728 876 2757 ubi
888 2738 962 2762 nunc
977 2731 1046 2758 situs
1060 2735 1113 2761 est,
1132 2734 1159 2757 et
1174 2730 1228 2763 sui,
1238 2730 1357 2756 nominis
1373 2729 1467 2756 urbem
1483 2734 1511 2756 et
1526 2730 1682 2757 ccenobium
1694 2729 1788 2761 habet,

170 2764 314 2799 pervenit;
327 2762 452 2801 atquein
461 2764 561 2801 nobilis
577 2770 709 2792 matronae
722 2764 805 2801 fundo
820 2766 936 2801 (Catulla
951 2766 976 2792 ei
992 2773 1090 2792 nomen
1107 2765 1158 2792 fuit
1175 2762 1239 2799 [77])
1247 2765 1322 2799 quasi
1338 2772 1369 2801 se
1388 2765 1426 2791 illi
1439 2764 1534 2801 daret,
1548 2765 1689 2801 requievit.
1703 2763 1790 2801 Dinu-

170 2808 235 2834 gere
248 2800 384 2835 extemplo
407 2799 531 2826 inﬁdeles
547 2803 622 2826 tanto
634 2800 721 2827 territi
734 2799 868 2835 prodigio,
885 2805 912 2827 et
925 2809 959 2828 ne
972 2800 1029 2827 fors
1040 2801 1092 2827 sibi
1107 2801 1194 2828 fraudi
1208 2804 1282 2827 tanta
1294 2800 1360 2828 artis
1375 2800 1495 2834 magicae.
1514 2804 1542 2826 ut
1554 2799 1721 2831 vocitabant,
1732 2799 1795 2826 elli-.

170 2834 248 2870 cacia
274 2834 429 2870 exsisteret,
445 2836 612 2870 permultum
635 2834 783 2862 formidare
797 2843 802 2860 :
818 2834 968 2863 Christiani
983 2843 1060 2866 vero.
1076 2840 1102 2863 et
1124 2844 1194 2870 quos
1207 2836 1302 2862 melior
1318 2835 1416 2870 agebat
1435 2835 1548 2870 spiritus
1563 2835 1645 2870 (inter
1667 2843 1737 2869 quos
1760 2840 1788 2862 et

169 2868 268 2897 Larcia
285 2869 369 2905 Lisbii
385 2876 454 2896 uxor
474 2869 535 2903 fuit)
548 2870 668 2896 divinam
684 2870 813 2897 admirari
833 2875 859 2898 et
877 2872 1014 2898 celebrare
1029 2868 1157 2898 virtutem
1177 2874 1259 2905 atque
1274 2868 1433 2905 potentiam.
1452 2868 1527 2896 Unde
1541 2868 1617 2897 multi
1642 2868 1758 2897 antehac
1773 2879 1800 2902 a‘

170 2904 303 2939 religione
317 2904 472 2941 alieniores,
481 2913 586 2941 iﬂlﬂllUS
600 2906 710 2932 Christo
730 2906 839 2938 dedere,
865 2907 1056 2941 principesque
1072 2906 1142 2933 inter
1158 2906 1218 2932 illos
1236 2904 1292 2939 jam
1307 2906 1379 2932 dicta
1396 2904 1490 2941 Larcio
1506 2905 1644 2940 propalam
1668 2913 1697 2933 sc
1710 2905 1790 2933 Chri-

167 2940 289 2968 stianam
309 2940 442 2974 professa,
462 2940 576 2976 ideoque
595 2942 791 2976 comprehensa
811 2946 837 2969 et
859 2939 965 2975 enecta,
981 2942 1066 2970 cll'uso
1089 2942 1115 2968 in
1133 2941 1219 2968 vicem
1243 2941 1370 2976 baptismi
1393 2939 1535 2974 sanguine,
1552 2939 1666 2969 numero
1680 2945 1798 2971 sanctos.
