1929 3092
156 210 205 237 8⁴21

193 270 285 298 Suidaa
300 274 390 297 autem
406 274 471 298 sunt
482 270 540 306 hmo
554 279 560 297 ε
579 270 609 297 Ὁ
622 270 713 297 τοίνυν
725 271 951 306 ΘεοφάντωρΔιο-
965 273 988 302 Α

156 306 248 342 νύσιος
268 306 318 341 ἠδη
337 314 388 342 ποι)
408 304 512 342 μακρὸν
530 305 629 342 ἐλάσας
645 306 750 342 χρόνον,
775 308 822 333 καὶ
842 304 950 342 πλήρης

157 340 269 377 ἡμερῶν
280 340 413 377 ⁷γεγᾳνὼςς
426 341 480 377 τῶν
496 340 543 367 τοῦ
564 340 729 377 πνεύμάτος,
753 340 950 377 μαρτυρίᾳ)έῷ

158 375 228 411 ὑπὲῤ
244 376 361 411 Χριστοῦ
375 375 524 402 τελειοῦται
539 376 584 402 ἐπὶ
598 376 732 411 Τραϊανοῦ
746 375 893 411 Καίσαροζ,
905 375 949 402 ὅτὲ

158 410 230 452 γαιὶηῦ
241 410 370 452 θεὴ-ξρρος
387 411 516 452 :lyyt'rrto;
527 410 571 437 τὸν
585 411 635 452 ei};
643 410 949 452 d8qvaela§_6tﬁ0lqasv

159 446 263 479 ἀγῶνα.
279 446 365 481 Igitur
381 446 428 473 Dei
441 448 569 480 interpres
585 446 729 481 Dionysius
742 447 818 473 valde
827 446 950 481 provecta

154 481 212 515 jam
229 487 316 511 aetate.
333 487 357 508 et
373 481 552 514 spiritualium
576 481 678 508 dierum
694 481 802 515 plenus,
820 482 948 516 martyrio

158 523 206 551 pro
237 516 341 543 Christo
369 523 567 544 consummatur
594 517 642 543 sub
672 516 788 551 Trojano
823 517 946 549 Ctesare,

158 552 264 586 quando
287 557 312 579 et
333 551 416 585 dei/er
439 552 561 586 Ignotiua
582 556 712 578 certamen
735 552 948 580 immortalitatis

158 586 312 615 decerlavit.
329 587 438 615 Obiisse
450 591 539 614 tamen
558 588 609 614 sub
625 587 757 619 Adriano,
779 588 947 622 probabilius

160 626 213 650 est.
241 622 272 649 Et
303 627 400 658 praeter
426 626 586 657 argumenta
612 622 731 654 Baronii,
761 623 843 649 allata
874 630 948 650 anno

159 657 261 684 Christi
286 658 437 685 centesimo
461 665 533 684 nono
554 665 569 684 e
590 658 673 684 variis
698 658 901 693 martyrologiis
921 661 948 685 et

160 693 311 727 praesertim
328 693 429 720 Adonis
441 697 467 719 et
481 693 567 726 Beda.
584 693 646 719 bina
659 692 743 720 aﬂ'ero
757 692 827 719 nova
841 692 946 720 :Vunum

159 737 174 754 e
192 734 281 756 vetere
305 727 386 755 Rom.
412 727 615 762 Martyrulogio.
641 728 714 763 quod
741 728 874 756 Bai-unius
900 728 947 755 diu

159 768 284 798 optatum
304 764 425 798 reperire
443 771 496 790 non
516 764 619 798 potuit:
636 768 697 798 post
717 764 778 798 ejus
793 771 858 791 vero
873 771 947 790 mor-

160 802 215 824 tem
227 799 328 833 reperit
338 802 372 834 ret
386 799 472 825 edidit
485 803 578 834 noster
592 798 752 826 Heribertus
767 798 926 834 Rosveydus
939 807 944 824 :

159 833 276 860 alterum
292 842 307 861 e
326 833 366 861 Fl.
385 834 468 861 Lucio
486 833 594 865 Dextro,
613 834 692 868 cujus
706 834 862 861 Chronicon
886 837 947 869 post

158 869 281 931 ejusddetm
310 869 420 896 Baronii
445 870 562 901 obitum,
585 869 685 896 abl.inc
711 873 817 896 tantum
837 869 947 897 biennio

160 911 208 931 Dro
230 913 246 931 ιι
264 925 270 931 .

158 905 270 937 prodiit.

195 938 289 980 itaque
310 940 389 980 “illud
414 944 493 980 vetus
513 938 692 980 _Romanum‘
705 939 880 980 Martyrolog.
910 939 944 980 ad
961 952 982 980 Β

158 981 175 999 ν
196 973 288 1002 Nonas
308 975 419 1002 Octobr.
446 977 486 1002 sic
513 975 593 1002 habet
614 985 620 1003 :
644 985 652 1000 I
680 973 804 1006 Athenis,
822 974 943 1009 Dionysii

158 1009 329 1045 Areopagitas
349 1011 400 1038 sub
412 1011 532 1037 Adriano
544 1010 660 1037 diversis
675 1011 818 1037 tormentis
830 1010 916 1045 passi.
931 1020 940 1036 ι

159 1043 210 1072 Ubi
226 1043 302 1072 suis
324 1045 430 1073 Athenis
445 1045 618 1077 subauditur,
639 1054 648 1070 ι
665 1045 818 1072 celebratur
830 1043 944 1072 ’σιειιιο-

159 1080 214 1111 ria.
235 1088 283 1108 seu
300 1081 358 1108 dies
373 1082 483 1113 natalis,
503 1090 512 1106 ι
532 1085 561 1107 ιιι
577 1088 659 1115 supra
676 1081 772 1113 docui,
789 1084 816 1107 et
832 1080 943 1107 eviden-

157 1119 200 1142 ter
216 1116 331 1143 ostendo
353 1121 450 1151 quaest.
476 1116 505 1142 11
526 1116 658 1143 adversus
681 1116 758 1146 illos,
777 1118 823 1150 qui
845 1115 943 1142 existi-

157 1151 268 1178 mabant
292 1151 323 1178 τὸ
345 1152 452 1178 Athenis
472 1151 687 1178 connectendum
703 1158 763 1177 esse
781 1158 842 1177 cum
858 1151 941 1184 passi.

157 1184 235 1213 Unde
252 1190 279 1214 et
294 1187 360 1213 mihi
380 1187 407 1213 in
427 1187 479 1213 hoc
493 1186 628 1213 dederunt
640 1194 737 1212 manus
753 1186 798 1220 qui
817 1191 878 1212 ante
892 1185 941 1212 ad—

157 1221 348 1248 versabantur.
369 1221 478 1248 Flavius
499 1221 599 1248 Dexter
615 1225 704 1248 autein
721 1221 748 1247 in
761 1221 897 1248 Chronico
909 1221 942 1248 ad

157 1264 259 1283 annum
275 1257 376 1284 Christi
391 1258 452 1288 151),
472 1256 565 1283 Romae
586 1264 651 1283 vero
664 1256 727 1288 881,
753 1257 799 1283 ubi
819 1259 944 1289 tempora

156 1292 330 1326 persequitur
342 1292 453 1319 Adriani
476 1292 614 1326 imperat.,
631 1291 725 1319 scribit
736 1295 859 1318 sanctum
872 1290 944 1317 Mar-

156 1327 254 1354 cellum
270 1327 462 1354 Toletanorum
476 1327 633 1361 episcopum
648 1334 681 1353 ex
700 1326 827 1361 Hispania
839 1326 866 1352 in
876 1326 943 1353 Gal-

156 1362 208 1398 l_ias
220 1362 252 1388 ad
268 1362 427 1398 Dionysium
441 1370 502 1398 esse
518 1364 681 1396 proiectum,
701 1366 781 1398 atque
796 1364 941 1398 antequam

156 1396 277 1425 Parisios
291 1396 455 1432 perveniret,
481 1397 515 1424 de
529 1397 588 1431 ejus
612 1397 743 1432 martyrio
760 1396 941 1432 intellexisse,

157 1436 238 1466 atque
252 1431 318 1459 illud
329 1434 450 1460 carmine
464 1433 669 1467 elegantissimo
684 1432 848 1459 celebrasse.
866 1431 943 1459 Unde

155 1467 260 1502 colligit
283 1467 447 1495 Francisuus
472 1467 607 1499 Bivarius,
629 1467 787 1502 Dionysium
804 1474 859 1502 non
882 1470 944 1493 tan-

156 1507 214 1538 tum
225 1501 350 1530 ’Adriano
363 1505 486 1538 imperat.
500 1503 660 1538 martyrium
674 1501 785 1534 obiisse,
802 1501 849 1530 sed
860 1502 943 1529 etiam

157 1537 209 1573 120
223 1545 310 1566 annos
325 1537 436 1565 vixisse.
450 1537 505 1565 Nos
519 1537 595 1573 prius
613 1538 678 1564 illud
690 1542 820 1573 tanquam
836 1541 943 1573 certum

157 1572 337 1605 admittimus.
347 1574 461 1600 alterum
471 1571 560 1599 autem
569 1581 623 1600 non
633 1571 802 1600 admittimus
812 1581 819 1605 ;
829 1580 861 1599 eo
871 1571 944 1607 quod

158 1607 256 1643 Dexter
263 1609 290 1634 in
300 1608 491 1635 suoChronico
498 1609 539 1642 (ut
546 1608 681 1643 superiori
688 1616 796 1643 quoqtte
803 1608 944 1643 capiterin-

156 1640 244 1679 dicavi
250 1644 319 1679 inus)
330 1651 383 1670 non
391 1640 517 1670 restricte
526 1651 573 1677 per
579 1640 796 1678 singulosannus
803 1640 941 1679 procedat,

156 1677 270 1711 sedjatn
287 1677 365 1710 duos,
382 1679 437 1712 jam
449 1679 540 1713 plures
558 1677 730 1710 intermittat,
748 1686 846 1712 resque
859 1678 940 1704 inter-

155 1714 221 1740 dum
239 1720 293 1740 non
308 1714 360 1740 hoc
373 1714 452 1741 illove
464 1721 547 1744 anno.
564 1713 612 1741 sed
627 1714 674 1739 sub
687 1713 742 1740 luet:
758 1718 884 1747 tempora,
898 1716 945 1739 aut

173 1755 202 1775 er
214 1748 282 1775 idem
295 1753 418 1783 tempus"
434 1748 569 1776 accidisse
584 1749 696 1780 scribat,
711 1752 740 1775 ut
751 1756 783 1775 ex
795 1748 855 1782 ejus
868 1752 944 1775 tutu

169 1785 258 1818 iquet,
289 1789 316 1810 et
342 1782 442 1811 fatetur
468 1784 602 1811 Bivarius.
631 1782 676 1810 Sic
704 1784 776 1810 enim
800 1783 835 1810 ab
871 1791 944 1810 anno

154 1818 258 1846 Christi
278 1819 321 1852 76,
343 1819 441 1846 mediis
464 1819 585 1851 omissis,
608 1819 642 1845 ad
668 1819 703 1845 86
723 1819 821 1845 transit
838 1828 843 1845 :
862 1823 889 1845 et
910 1818 945 1845 ab

157 1862 231 1880 anno
247 1854 351 1882 Christi
369 1854 535 1881 il‘2-transit
547 1854 674 1881 similiter
687 1854 720 1880 ad
738 1853 799 1884 115,
820 1858 942 1888 propter-

155 1897 197 1921 ea,
217 1889 339 1924 inquam.
358 1890 473 1916 alterum
493 1889 526 1916 de
545 1890 626 1916 annis
653 1889 704 1916 120
722 1888 845 1924 Dionysii
872 1888 944 1916 haud

155 1925 326 1960 admittimus
339 1929 469 1959 tanquam
484 1928 599 1951 certum.
699 1959 717 1960 η
855 1956 858 1960 η

193 1960 248 1994 (71)
265 1959 309 1986 Ita
324 1962 477 1987 veterrimus
493 1961 665 1986 concinnator
690 1959 886 1995 Martyrologii.
910 1959 945 1985 ll-

156 1994 211 2030 lius
227 2003 333 2030 nempe,
350 1995 422 2030 quod
439 1995 521 2029 vulgo
544 1995 621 2022 Vetus
643 1994 790 2022 nonmmm.
810 1994 946 2029 Martyro-

155 2029 255 2092 fiogium
271 2029 434 2065 appellatur,
448 2031 528 2065 cujus
542 2031 623 2058 verba
637 2031 718 2065 paulo
730 2034 793 2058 ante
806 2034 870 2057 sunt
882 2038 944 2064 pro-

176 2072 246 2091 ucta.

176 2072 246 2091 UCL'l.

192 2100 247 2135 (72)
267 2099 311 2126 Ita
333 2101 489 2128 uenerabilis
504 2100 587 2128 Beda.
603 2101 632 2127 In
653 2108 703 2128 suo
720 2101 792 2128 enim
810 2100 945 2135 Martyro-

156 2135 228 2169 logio
242 2136 275 2161 ad
289 2136 306 2162 5
320 2135 446 2163 Octobris
462 2137 503 2163 sic
520 2137 620 2171 habet;
641 2145 649 2161 ε
665 2136 760 2163 Natale
777 2135 805 2162 S.
821 2135 944 2171 Dionysii

155 2170 333 2206 Areopagitae,
350 2172 396 2206 qui
419 2172 453 2198 ab
467 2172 590 2205 apostolo
608 2170 693 2198 Paulo
706 2172 868 2201 instructus,
883 2170 946 2198 cre-

155 2205 226 2231 didit
239 2205 366 2237 Christo,
375 2211 401 2233 et
415 2206 518 2241 primus
530 2206 644 2233 Athenis
655 2207 689 2233 ab
700 2207 796 2234 eodem
814 2206 944 2241 Apostolo

155 2241 303 2275 episcopus
320 2245 362 2268 est
379 2242 534 2272 ordinatus,
551 2247 578 2268 et
601 2242 652 2269 sub
677 2242 798 2269 Adriano
821 2241 944 2276 principe

156 2279 219 2310 post
235 2276 416 2303 clarissimatu
441 2276 641 2304 confessionem
658 2277 735 2309 ﬁdei,
760 2280 822 2311 post
838 2278 943 2311 gravis-

156 2301 226 2338 tua.
241 2301 939 2347 amissarumguis-5'satis;iussimus-
957 2301 981 2329 Ι)

155 2350 247 2373 ΙΙὶΙιΙΙΓ.
266 2356 276 2372 )

192 2380 258 2408 Post
275 2389 335 2416 qua:
353 2382 432 2409 verba
450 2381 586 2409 adduntur
600 2382 658 2409 haec
676 2384 703 2410 in
722 2382 824 2409 Adonis
839 2381 940 2417 Marty-

155 2417 270 2451 rologio.
287 2417 381 2443 eadem
396 2417 440 2444 die
454 2426 460 2443 :
481 2426 489 2441 ι
509 2416 542 2443 Ut
554 2418 687 2446 Aristides
702 2417 886 2448 Atheniensis,
900 2416 941 2444 vir

155 2452 208 2478 ﬁde
231 2452 421 2486 sapientiaque
437 2452 580 2484 mirabilis,
597 2454 675 2480 testis
690 2456 732 2479 est
749 2453 777 2479 in
801 2460 834 2479 eo
848 2460 939 2487 opere.

155 2487 228 2523 quod
241 2487 446 2523 deChristiana
471 2487 599 2522 religione
614 2488 778 2523 composuit.
795 2487 852 2514 Hoc
872 2495 941 2522 opus

154 2522 226 2556 apud
242 2522 422 2549 Athenienses
444 2530 550 2549 sumtuo
574 2522 685 2556 genere
697 2523 808 2554 (olitur,
827 2526 853 2550 et
871 2523 942 2550 inter

155 2557 332 2591 antiquorum
356 2560 530 2583 monumenta
556 2558 738 2586 clarissimum
765 2562 882 2590 tenetur,
914 2562 942 2584 ut

155 2593 298 2627 peritiores
313 2592 469 2619 Graecorum
485 2591 625 2620 allirmaut.
643 2603 652 2618 ι

192 2627 224 2653 Et
236 2627 278 2655 his
292 2627 403 2663 quidem
421 2627 559 2654 simillima
576 2636 649 2655 nunc
665 2628 794 2663 leguntur
812 2629 839 2655 in
851 2632 943 2656 vetere

154 2661 291 2690 Romano.
302 2661 364 2690 Nec
387 2662 480 2693 refert,
495 2663 567 2696 quod
588 2661 704 2691 rursum
714 2664 758 2691 die
774 2671 848 2692 nono
868 2664 943 2698 ejus-

154 2698 217 2725 dem
233 2698 444 2735 niensis,_quasi
457 2697 491 2735 de
506 2698 649 2735 alioLejus
659 2699 818 2735 martyrium
831 2697 944 2735 conjqu

159 2736 221 2769 gant
236 2741 298 2759 cum
324 2733 375 2761 SS.
393 2733 506 2760 Rustico
522 2737 548 2760 et
563 2733 738 2762 Eleutherio;
754 2734 821 2761 Nam
842 2742 896 2769 quo
916 2734 943 2761 id

155 2768 238 2794 modo
252 2769 393 2804 acciderit,
410 2768 527 2803 explicui
541 2769 612 2796 infra
627 2774 723 2804 quaest.
739 2770 784 2797 11.

192 2804 248 2837 (75)
273 2803 435 2839 Fescennina
450 2804 585 2838 praefecto.
603 2803 642 2831 De
655 2805 706 2831 hoc
727 2804 855 2839 praefecto
877 2812 944 2832 con-

156 2839 281 2873 sentiunt
290 2838 492 2873 Martyrologia.
503 2839 668 2870 Romanum.
679 2838 842 2867 venerabilis
853 2839 941 2872 Bedae,

158 2872 288 2905 Usuardi,
305 2872 386 2908 500
400 2872 511 2907 Adonis,
525 2879 552 2901 et
566 2875 695 2906 aliorum,
712 2875 825 2902 addiem
841 2883 942 2903 nonum

157 2908 296 2944 Octobris.
315 2909 334 2935 E
347 2910 447 2944 quibus
463 2910 532 2937 Beda
544 2914 571 2937 et
587 2910 647 2937 Ado
665 2910 769 2936 addunt
785 2919 794 2936 (
811 2910 941 2939 Sisinuio.

165 2942 183 2969 ’i
194 2944 330 2977 praeferto,
346 2942 481 2979 iuquiuut,
496 2944 665 2974 Fescennino
677 2945 808 2974 Sisiunio.
825 2956 834 2972 ι

637 210 729 244 VITA,
748 210 851 238 AUCT.
870 209 900 238 Ρ.
920 210 1069 238 HALLOIX
1090 206 1276 239 SOCXJESU.

1734 212 1788 240 829

1041 270 1212 298 Recensetur
1227 274 1317 298 autem
1334 269 1471 299 Sisinnius
1485 271 1512 298 in
1524 268 1662 299 Chronico
1673 271 1787 299 Alexan-

1002 306 1084 343 drino
1108 307 1179 333 inter
1203 307 1340 343 consules,
1366 306 1527 343 imperante
1540 307 1672 343 Adriano,
1699 308 1786 343 olym-

1002 341 1082 376 piade
1096 348 1228 371 ccxxvm,
1251 341 1308 368 ind.
1324 349 1368 372 xv,
1394 349 1466 369 anno
1488 341 1602 368 Adriani
1626 341 1671 374 27,
1698 341 1734 368 ita
1758 347 1789 370 ut

1000 376 1079 413 valde
1093 377 1129 403 sit
1149 376 1298 411 probabile,
1313 384 1400 413 nmim
1417 377 1603 413 'eumdemque
1616 385 1677 413 esse
1698 378 1705 409 (
1718 385 1789 413 prae-

1000 412 1095 438 sertim
1118 416 1173 438 tam
1200 411 1331 447 concordi
1356 411 1495 447 tempore)
1525 412 1608 439 istum
1634 411 1786 440 Sisinniuin

999 454 1057 474 cos.
1073 451 1100 474 et
1116 452 1239 474 nostrum
1254 446 1466 474 Fescenninum.

1034 481 1196 518 Acceditrde
1213 481 1503 518 Fescenntnojaliudre
1516 481 1640 510 Romano
1653 483 1786 518 Martyro-

1000 517 1073 553 logio
1089 518 1122 544 ad
1140 517 1262 553 diem,“
1283 516 1411 553 Octobris
1429 517 1572 549 indicium,
1593 518 1664 552 quod
1682 516 1787 546 scilicet

999 551 1124 579 sanctum
1140 551 1280 588 ljicasium
1292 557 1319 580 et
1332 552 1424 579 soeios
1439 552 1466 578 in
1480 560 1549 588 pago
1562 551 1713 580 \‘ilcassino
1734 553 1786 581 sub

1018 587 1113 623 raeside
1137 587 1310 615 Fescennino
1331 594 1428 623 passos
1445 595 1506 615 esse
1522 587 1606 615 dicat.
1630 589 1712 623 Atqui
1734 589 1786 616 iste

1024 623 1134 656 icasius,
1150 623 1185 650 de
1197 631 1251 658 quo
1267 623 1311 650 hic
1327 630 1428 653 sermo,
1448 623 1553 657 primus
1568 623 1619 650 fuit
1635 623 1787 650 Ruthoma-

1016 659 1122 685 ensium
1137 659 1295 693 episcopus,
1317 659 1363 692 qui
1387 662 1414 685 et
1427 658 1594 693 aiClemente
1609 659 1738 692 pontilice
1757 659 1786 686 in

1016 666 1122 685 enstum
1137 666 1295 693 episcopus,
1317 667 1363 692 qui
1387 666 1414 685 et.
1427 666 1442 684 a
1457 666 1594 685 ueniente
1609 666 1738 692 ponunce
1757 667 1785 686 ιιι

998 666 1102 721 ἱειηίίιε
1126 695 1227 721 missus
1252 694 1426 729 praedicatur.
1446 692 1515 720 Vide
1541 692 1735 729 Demochaer
1757 694 1785 721 in

999 729 1122 763 catalogo
1138 728 1331 764 episcoporum
1348 728 1620 764 Hothomagensium,
1633 728 1679 756 lib.
1696 728 1734 756 De
1744 729 1787 756 di-

999 765 1058 791 vino
1074 763 1162 799 misso?
1178 763 1320 799 sacriﬁcia,
1336 771 1397 799 cap.
1416 763 1463 794 20,
1482 767 1508 790 et
1528 763 1688 799 Notationes
1704 764 1787 791 Baro-

998 799 1037 826 nii
1053 800 1080 826 in
1097 798 1175 825 Rom.
1186 798 1416 835 plartyrologium
1432 799 1465 825 ad
1483 798 1583 835 dictam
1599 798 1680 826 diem.
1696 799 1787 835 Quare

998 835 1021 861 si
1040 839 1165 868 tempora
1185 833 1351 862 Fescénnini
1365 842 1426 860 cum
1443 834 1613 868 temporibus
1635 835 1723 861 sancti
1739 833 1787 860 Ni-

997 870 1066 897 casii
1081 869 1344 904 Rothomagensium
1366 869 1482 904 apostoli
1504 873 1670 903 congruunt,
1689 874 1716 896 et
1739 868 1787 896 Ni—

997 905 1089 932 casius
1104 908 1183 938 aetate
1197 904 1346 932 Clementis
1361 912 1437 939 papa:
1451 904 1527 935 vixit,
1543 907 1570 931 et
1586 904 1620 930 ab
1632 912 1665 931 eo
1679 904 1706 930 in
1722 904 1787 932 Gal-

998 940 1048 968 lias
1065 940 1166 967 missus
1181 944 1233 971 est,
1248 940 1321 975 nihil
1345 940 1457 975 propius
1479 939 1540 975 ﬁdei
1562 943 1684 974 apparet,
1702 947 1786 974 quam

996 979 1153 1009 utrumque,
1169 980 1224 1002 tam
1246 974 1403 1010 Dionysium
1418 974 1672 1010 qttainrNicasiurn,
1689 975 1786 1002 eadem

995 1014 1157 1045 tempestate
1168 1015 1195 1037 et
1207 1010 1301 1038 eodem
1314 1011 1410 1045 imper.
1426 1013 1453 1036 et
1465 1009 1561 1037 eodem
1576 1009 1705 1044 praefecto
1716 1017 1786 1036 mar-

995 1044 1096 1081 tyrium
1112 1046 1213 1073 obiisse
1226 1054 1232 1072 :
1249 1044 1400 1080 praesertim
1410 1052 1476 1081 cum
1488 1044 1522 1071 de
1536 1045 1725 1081 aliorejusdem
1738 1053 1786 1071 no-

994 1080 1077 1108 minis
1102 1081 1231 1115 Praal‘ecto
1253 1085 1300 1107 aut
1317 1080 1432 1115 preside
1452 1080 1654 1113 posterioribus
1678 1080 1785 1107 saeculis

996 1115 1074 1151 (quae
1098 1117 1166 1143 satis
1191 1116 1337 1150 diligenter
1356 1115 1565 1151 indagavimus)
1585 1115 1697 1151 omnino
1715 1115 1785 1142 nihil

995 1155 1103 1186 sonent,
1121 1158 1209 1186 neque
1223 1151 1425 1186 Martyrologia,
1442 1157 1529 1185 neque
1542 1157 1629 1178 sacrae
1645 1150 1783 1186 Historiae.

1030 1185 1106 1213 Adde
1130 1185 1270 1213 Francisci
1292 1185 1476 1217 Fevardentii,
1495 1185 1546 1212 viri
1564 1186 1672 1220 egregie
1695 1185 1783 1218 docti,

995 1222 1197 1250 auctoritatem.
1215 1221 1260 1256 qui
1280 1222 1314 1249 de
1326 1221 1423 1256 primis
1439 1220 1624 1256 apostolorum
1641 1220 1784 1256 disoipulis

993 1256 1022 1283 in
1037 1257 1127 1284 varias
1143 1255 1292 1283 Galliarum
1317 1255 1409 1291 partes
1432 1255 1600 1289 distributis,
1624 1255 1659 1282 ad
1683 1256 1784 1283 librum

995 1292 1113 1326 primum
1124 1291 1212 1319 sancti
1228 1291 1323 1319 Irenazi
1335 1291 1526 1326 Lugdunensis
1538 1291 1669 1325 episcopi.
1681 1298 1742 1325 cap.
1754 1291 1782 1324 5,

996 1331 1083 1354 notat.
1099 1327 1125 1358 5,
1141 1327 1258 1354 strictim
1268 1327 1328 1362 ejus
1342 1327 1480 1362 meminit;
1496 1326 1542 1353 ubi
1556 1327 1618 1362 aliis
1636 1327 1728 1354 multis
1741 1334 1785 1353 re-

994 1362 1119 1395 censitis,
1142 1362 1176 1389 ad
1190 1360 1341 1389 extremum
1358 1362 1408 1389 hos
1421 1361 1514 1396 adjicit
1528 1371 1534 1388 :
1554 1370 1562 1386 ι
1585 1360 1784 1396 Superioribus

994 1405 1116 1432 quoque,
1134 1397 1235 1432 inquit,
1255 1397 1349 1424 beatus
1370 1397 1497 1424 Clemens
1513 1396 1676 1432 adjunxerat
1698 1396 1783 1424 Nica-

995 1431 1076 1461 sium.
1088 1431 1238 1459 Taurinum
1252 1436 1279 1459 et
1296 1432 1460 1467 Exuperium
1476 1441 1482 1459 :
1500 1439 1568 1466 quos
1581 1431 1784 1466 Rothomagen-

996 1475 1050 1498 scs,
1066 1467 1245 1495 Ebroicenses
1256 1471 1283 1494 et
1297 1468 1471 1501 Bajocenses,
1486 1472 1515 1493 ut
1534 1467 1673 1501 apostolos
1690 1470 1716 1494 et
1734 1475 1783 1502 pa-

995 1508 1084 1530 stores
1099 1510 1195 1537 magna
1212 1503 1354 1529 alacritate
1367 1506 1540 1536 receperunt.
1558 1512 1568 1527 ι

1032 1538 1072 1565 Ad
1087 1535 1251 1572 Exuperium
1267 1545 1350 1572 porro
1366 1535 1440 1572 quod
1458 1538 1556 1564 attinet
1571 1535 1651 1572 (nam
1666 1537 1700 1564 de
1720 1537 1782 1566 aliis

993 1572 1049 1607 jam
1063 1578 1105 1601 est
1120 1574 1236 1605 dictum,
1259 1573 1358 1607 partim
1379 1573 1434 1602 hic.
1451 1573 1550 1607 partim
1568 1572 1712 1607 superius)
1728 1572 1784 1599 Ro~

995 1609 1091 1636 bet-tus
1116 1608 1237 1639 Cenalis.
1251 1608 1397 1643 episcopus
1414 1608 1615 1643 Arboricensis,
1639 1607 1685 1634 lib.
1705 1615 1725 1643 ιι
1743 1607 1783 1635 De

996 1652 1023 1670 re
1039 1643 1143 1670 Gallica
1154 1664 1161 1675 ,
1178 1644 1305 1679 perioche
1319 1644 1346 1675 4,
1361 1643 1425 1670 dum
1439 1642 1681 1679 describitragru’m
1703 1642 1783 1670 Belo-

995 1680 1134 1706 cassiuum
1159 1677 1220 1712 (sic
1243 1682 1334 1709 vocat,
1361 1686 1442 1713 quem
1469 1678 1516 1704 alii
1539 1677 1717 1713 Yilcassinum
1732 1681 1782 1705 aut

1002 1714 1197 1741 thocassinum
1214 1714 1359 1748 appellant,
1372 1712 1453 1748 cujus
1471 1712 1608 1748 praecipua
1627 1713 1725 1740 civitas
1739 1716 1783 1741 est

996 1749 1119 1784 Bajocat)
1135 1747 1261 1776 undecim
1274 1754 1398 1776 recenset
1412 1747 1534 1782 ejusdem
1546 1747 1665 1784 civitatis
1675 1748 1784 1784 episco-

995 1792 1045 1820 pos
1057 1792 1171 1811 numero
1182 1788 1342 1820 sanctorum
1356 1785 1501 1818 ascriptus,
1515 1791 1568 1820 qua
1582 1783 1610 1820 in
1620 1783 1783 1820 recensione

995 1818 1036 1847 sic
1052 1820 1167 1854 incipit:
1185 1829 1194 1844 ι
1212 1819 1366 1853 Exuperius
1388 1822 1472 1854 totius
1491 1818 1611 1853 regionis
1628 1819 1781 1854 apostolus.

997 1854 1028 1882 D.
1044 1853 1192 1882 Clementis
1203 1854 1365 1889 discipulus.
1383 1863 1392 1879 ι
1410 1853 1442 1879 ΕΙ.
1455 1854 1538 1889 paulo
1550 1853 1665 1880 inferius
1677 1853 1710 1880 de
1721 1854 1782 1887 ejus

995 1894 1075 1917 aetate
1092 1890 1128 1916 ita
1145 1890 1236 1917 subdit
1258 1899 1264 1915 :
1285 1898 1294 1914 ι
1323 1888 1481 1924 Apostolico
1504 1889 1613 1916 functus
1633 1893 1676 1915 est
1695 1888 1782 1916 cilicio

996 1925 1027 1951 Ι).
1044 1925 1197 1959 Exuperius
1213 1932 1285 1951 anno
1301 1932 1316 1950 ιι
1334 1929 1409 1958 parta
1431 1925 1518 1951 salute
1533 1928 1630 1959 quarto
1648 1931 1679 1950 ac
1698 1931 1783 1950 nona-

996 1958 1112 1995 gesimo,
1124 1961 1228 1995 collega
1239 1967 1306 1987 usus
1320 1959 1350 1986 D.
1366 1958 1547 1986 Reverentio.’
1557 1969 1567 1985 ι

1031 1995 1070 2022 Ne
1085 1995 1147 2029 quis
1161 1994 1226 2022 vero
1245 1994 1344 2022 Nicasii
1363 1995 1452 2022 nostri
1464 1999 1570 2021 aetatem
1585 1994 1780 2026 calumnietur,

996 2035 1077 2065 atque
1092 2031 1125 2057 ad
1143 2031 1427 2066 posterior-aitempora
1439 2030 1546 2058 detrudi
1561 2029 1644 2062 velit;
1657 2033 1783 2064 propter-

995 2073 1029 2101 ea
1051 2066 1124 2100 quod
1143 2065 1265 2101 aliquem
1295 2065 1435 2092 Nicasium
1459 2065 1533 2101 circa
1562 2065 1782 2101 persecutionem

996 2100 1185 2136 Wandalicam
1197 2109 1246 2136 pro
1258 2101 1309 2128 ﬁde
1319 2107 1480 2136 percussum
1491 2100 1573 2135 legat,
1586 2100 1691 2136 noverit
1705 2100 1781 2127 illum

996 2144 1050 2163 non
1071 2134 1330 2171 Rothoniagensetn,
1353 2135 1398 2162 sed
1416 2134 1595 2163 Rhemehsem
1615 2134 1699 2161 fuisse
1721 2136 1780 2169 epi-

996 2179 1121 2206 scopum,
1135 2176 1161 2198 ct
1176 2171 1305 2198 trecentis
1327 2178 1410 2206 prope
1432 2171 1512 2197 annis
1531 2174 1629 2206 nostro
1648 2172 1782 2206 posterio-

996 2205 1063 2233 rem.
1092 2206 1161 2233 Nam
1189 2206 1277 2234 nostri
1303 2214 1317 2232 a
1343 2210 1440 2232 sancto
1462 2205 1601 2232 Clemente
1625 2205 1652 2231 in
1677 2205 1780 2233 Gallias

995 2242 1084 2271 missi.
1101 2243 1182 2268 etiam
1194 2241 1376 2276 Clirouologia
1389 2240 1658 2276 archiepiscoporum
1678 2239 1781 2267 Rotho-

995 2277 1176 2311 magensium,
1187 2284 1256 2311 opus
1263 2276 1377 2303 Joannis
1388 2275 1695 2311 Dadraaifposthumum,
1708 2281 1780 2302 com-

995 2310 1128 2344 meminit,
1146 2312 1191 2339 tibi
1206 2310 1233 2339 et
1254 2311 1299 2339 isti
1322 2311 1475 2346 allegantur
1490 2310 1587 2338 Vitatis
1603 2310 1638 2337 de
1651 2311 1698 2337 illo
1717 2318 1779 2338 ver-

991 2354 1039 2374 8118
1053 2356 1058 2374 Ξ

1061 2382 1178 2409 Antistes
1195 2382 1331 2409 Rotlwmte
1342 2381 1421 2408 datus
1437 2389 1453 2408 a
1467 2380 1609 2412 Clemente,
1627 2380 1731 2414 Nicaai,

1063 2417 1093 2444 Si
1109 2426 1161 2444 non
1175 2418 1278 2450 sedisti,
1294 2422 1372 2451 caput
1387 2421 1414 2443 at
1425 2416 1535 2451 legendo
1549 2416 1656 2443 stetisti.

992 2451 1099 2484 Quibus
1114 2453 1261 2485 indicatur,
1278 2460 1331 2480 non
1353 2453 1511 2487 pervenisse
1522 2452 1611 2486 ipsum
1630 2452 1663 2478 ad
1684 2451 1780 2479 sedem

992 2489 1276 2524 suamrepiscopalem,
1290 2488 1337 2515 sed
1354 2487 1497 2524 inritiuere
1517 2488 1710 2524 interemptum
1728 2494 1777 2513 ca-

992 2527 1041 2557 put
1055 2523 1094 2550 cis
1110 2524 1264 2558 reliquisse,
1282 2531 1313 2549 ac
1328 2531 1375 2557 per
1388 2523 1454 2550 illud
1466 2523 1546 2557 quasi
1559 2530 1608 2558 per
1625 2523 1778 2557 principem

992 2559 1115 2592 corporis
1127 2560 1169 2585 sui
1183 2563 1287 2593 partem
1303 2558 1464 2592 Rothomagi
1476 2559 1644 2585 constitisse.

1028 2593 1084 2634 ς74)
1102 2593 1201 2634 lVempe
1216 2602 1298 2620 annos
1315 2594 1428 2628 amplius
1440 2598 1547 2634 _t:entum
1562 2593 1777 2634 decemeonse‘.

993 2628 1086 2663 quitur
1103 2630 1159 2656 haec
1176 2633 1243 2656 astas
1255 2636 1289 2656 ex
1309 2636 1353 2661 eo,
1375 2628 1448 2664 quod
1471 2635 1553 2663 supra
1576 2629 1719 2663 probatum
1741 2630 1776 2655 sit

992 2664 1095 2691 obiisse
1111 2664 1272 2700 Dionysium
1288 2663 1439 2699 imperante
1449 2664 1586 2700 Adriano,
1601 2664 1680 2700 cujus
1699 2663 1776 2691 initia

993 2700 1100 2733 imperii
1112 2699 1267 2726 inciderunt
1281 2700 1308 2726 in
1324 2707 1426 2727 annum
1442 2699 1544 2726 Christi
1563 2699 1614 2726 H9
1627 2707 1659 2725 ex
1679 2706 1775 2726 recen-

994 2735 1070 2763 sione
1083 2734 1202 2766 Eusebii,
1217 2743 1248 2762 ac
1261 2739 1461 2770 consequenter
1476 2734 1598 2770 Dionysii
1617 2733 1678 2770 111),
1690 2737 1717 2760 et
1729 2733 1765 2770 ali

994 2775 1096 2805 quanto
1111 2771 1236 2810 ampligs.
1256 2770 1311 2810 Nec
1330 2768 1692 2810 etiierhristusDomi-nus
1711 2768 1775 2795 totis

994 2804 1089 2832 novem
1102 2804 1182 2833 annis
1193 2805 1351 2840 Dionysium
1369 2806 1517 2832 antecessit
1530 2814 1537 2831 :
1555 2804 1688 2838 siquidem
1703 2811 1775 2831 anno

993 2841 1094 2876 Christi
1106 2841 1140 2867 5'5
1150 2845 1209 2868 erat
1222 2839 1366 2876 Dionysius
1379 2848 1513 2867 annorum
1527 2839 1622 2876 viginti
1641 2839 1772 2876 quinque.

1029 2875 1142 2903 Multum
1163 2883 1243 2911 porro
1267 2875 1329 2903 huic
1352 2876 1494 2903 sententiae
1521 2875 1555 2911 de
1576 2881 1631 2901 tam
1653 2875 1774 2911 longaeva

993 2914 1040 2946 aut
1060 2911 1142 2937 etiam
1159 2909 1281 2946 longiore
1306 2911 1428 2946 Dionysii
1446 2913 1525 2938 aetate
1541 2909 1643 2946 lavent,
1659 2909 1774 2946 Michael

995 2945 1129 2982 Syngclus
1144 2951 1170 2974 et
1184 2945 1351 2982 Nicephorus
1369 2945 1500 2974 Callistus
1517 2955 1523 2972 :
1540 2945 1584 2973 hic
1598 2945 1708 2981 quidem
1725 2945 1771 2973 lib.
