1929 3092
786 162 812 191 s.
829 161 980 191 DIONYSII
999 154 1232 191 AREOPAGITJ‘Z

1770 161 1825 190 εει

192 235 214 254 ιι
232 226 362 254 Historiae
376 225 483 257 ecctes.,
506 231 567 259 cap.
597 224 643 254 20.
659 224 724 252 dum
745 224 859 256 scribit,
877 224 978 252 multos
993 227 1016 255 Α
1030 228 1087 251 tum
1110 224 1187 252 abest
1201 227 1230 251 ut
1244 224 1461 259 persecutionem
1483 223 1510 250 in
1531 223 1704 251 Christianos
1727 223 1786 257 jam
1807 231 1824 250 a

190 269 281 289 annos
297 269 360 290 eum
380 261 466 289 fuisse
485 260 512 286 in
528 259 686 290 Occidente.
699 262 726 286 et
737 261 776 291 εἰς
797 259 864 294 βαθὺ
877 260 976 295 γῆρας,

190 297 226 324 ad
234 297 393 332 profundam
407 300 574 327 senectutem,
587 295 754 332 pervenisse.
768 294 907 332 Profunda
916 294 919 295 ⁷
928 302 977 321 au-

190 337 246 359 tem
261 330 389 360 senectus
398 339 430 359 ea
441 336 564 362 vocatur,
574 330 607 357 ad
619 337 700 365 quam
709 337 724 356 a
733 330 908 364 paucissimis
918 338 980 364 per.

189 368 310 399 venitur,
325 375 386 403 quae
400 371 427 394 et
440 370 566 403 extrema
586 364 718 403 appellari
736 366 820 397 solet,
834 370 978 403 propterea

189 403 262 438 quod
274 403 321 438 qui
331 400 368 438 fin
384 401 520 438 profundo
532 405 586 438 est,
599 408 655 427 non
674 400 774 438 habeat
791 409 846 435 quo
861 401 979 438 ulterius

189 436 296 465 tendat.
313 437 426 464 Michael
440 437 574 472 Syngelus
591 443 656 472 vero
674 436 710 462 ita
728 436 755 472 i_n
775 441 898 472 extremo
914 436 979 472 Dio-

189 474 260 507 nysii
276 473 402 500 Encomio
416 470 486 499 inter
494 470 546 498 alia
560 479 566 496 :
580 470 697 507 Οὕτωςρ
710 470 764 497 τῶν
772 471 856 507 νθείων
866 471 978 504 ἀγώνων

188 505 386 545 ξῂπξιρότατος
403 507 569 545 πρεσϐύτης)
591 507 637 545 καὶ
653 505 722 545 βειθῇ
736 506 783 532 καὶ
798 508 858 545 νεῖον
872 507 978 541 εἰσελη-

188 541 281 575 λὰκὼέ
293 544 391 579 γῆρας,
408 541 475 578 rapo;
489 541 541 577 τὴν
554 542 623 579 ὑπὲρ
638 541 684 568 τοῦ
700 541 819 579 ξριστρῦ
840 550 981 579 μακαριω-

188 579 274 614 τάτην
291 575 486 614 ἠρὸσπηδήσας
504 575 622 614 gemma,
638 580 691 604 ctc.
709 575 753 603 Sic
772 577 818 604 ille
829 575 980 614 divinorum

188 613 363 640 certaminum
387 613 628 647 experientissimus
650 619 746 643 senex,
763 616 841 646 atque
863 613 897 638 ad
919 621 980 646 pro-

189 649 301 684 fundam
314 655 338 676 et
356 649 455 675 meritis
474 647 614 684 fecundam
631 655 786 681 progressus
809 652 977 684 senectutem,

187 682 224 711 ad
238 683 418 711 beatissimam
438 691 486 718 pro
505 682 611 710 Christo
631 687 741 709 mortem
755 683 895 718 prosiliens
906 703 913 714 ,
925 688 978 710 etc.

188 719 242 746 Sed
253 720 324 746 idem
339 717 443 746 clarius
453 723 480 745 et
489 718 657 753 expressius,
666 725 728 744 cum
740 718 808 744 dicit
820 717 978 753 Dionysium

187 754 361 789 septuaginta
376 762 463 781 annos
475 754 502 780 in
524 753 773 789 cursn_apostolico
787 760 838 789 seu
852 753 979 789 Evange-

186 787 423 824 lii—praedicatione
448 789 585 824 posuisse.
602 787 709 820 Quibus
729 789 752 815 si
779 788 916 816 addideris
931 787 980 816 au-

186 832 238 852 nos
252 825 288 853 40
302 829 364 852 ante
384 824 470 860 ipsius
486 824 519 851 ad
534 824 674 860 Christum
697 824 904 860 conversionem
922 824 979 859 (tot

186 860 259 888 enim
274 859 417 887 minimum
428 859 549 895 fuerunt)
559 859 681 886 invenies
695 859 780 886 totius
790 860 879 886 astatis
891 866 978 889 annos

187 900 299 923 centum
315 895 421 922 decem.

222 930 314 963 Quare
328 929 530 957 observandum
553 933 606 960 est,
623 929 771 957 Baronium
785 932 860 957 tomo
871 928 908 955 XI
923 930 978 957 An-

185 966 299 996 nalium,
313 973 384 992 anno
401 965 504 992 Christi
524 965 587 995 119,
607 972 702 992 errore
716 965 823 999 lapsum
839 965 866 991 in
884 972 977 999 repre-

187 1001 321 1028 hensione
342 1000 464 1036 Syngeli,
478 1000 542 1026 dum
557 1000 722 1027 existimavit
742 1000 818 1036 illum
833 1007 979 1036 numerare

185 1035 378 1063 tantummodo
389 1035 560 1071 septuaginta
574 1043 662 1071 annos
676 1035 766 1063 aetatis
778 1036 866 1063 sancti
878 1035 980 1071 Diony-

187 1071 234 1099 sii.
250 1071 317 1098 Nam
333 1071 385 1098 hoc
401 1071 513 1098 minime
528 1070 594 1098 facit
615 1070 767 1106 Syngelus;
784 1070 897 1106 minime
910 1070 977 1106 gen-

185 1107 265 1134 tium.
281 1106 424 1139 Quomodo
438 1107 510 1134 enim
526 1106 553 1132 id
571 1105 685 1137 faceret,
702 1106 749 1140 qui
767 1113 830 1132 eum
842 1105 875 1132 ad
891 1105 979 1133 citre-

184 1149 231 1169 ma
246 1142 445 1176 persecutionis
454 1141 567 1176 Trajani
579 1142 736 1175 pervenisse
747 1141 850 1168 scribat
860 1141 867 1168 ι
877 1140 978 1168 Verum

185 1177 297 1205 omissis
310 1178 398 1204 :etatis
413 1177 504 1208 annis,
523 1176 558 1203 de
571 1177 651 1204 annis
662 1180 769 1203 tantum
788 1176 844 1212 agit
859 1184 929 1210 quos
950 1177 978 1205 in

188 1211 347 1239 Christiana
376 1213 432 1239 vita
450 1216 478 1239 et
500 1219 583 1239 cursu
596 1212 757 1247 apostolico,
777 1216 806 1239 ut
820 1212 878 1247 ipse
888 1216 977 1244 vocat,

184 1248 329 1275 transenit.

221 1256 356 1315 ﬁliiﬁlii:
366 1283 454 1318 magis
463 1286 583 1315 constet,
595 1282 756 1318 probabitur
765 1290 799 1309 ex
811 1282 898 1318 ipsius
908 1280 978 1317 Syn-

186 1318 238 1352 geli
254 1318 356 1350 verbis,
369 1316 476 1345 duobus
493 1318 521 1345 in
542 1316 621 1345 locis.
637 1316 716 1344 Prior
731 1317 807 1344 locus
824 1316 856 1346 in
875 1316 978 1352 Diony-

184 1354 221 1379 sii
240 1352 367 1380 Encamio
389 1357 430 1380 est
446 1353 507 1381 talis
528 1361 534 1379 ι
557 1353 585 1380 '0
602 1352 735 1388 μακάριος
753 1352 842 1379 τοίνυν
858 1353 905 1379 καὶ
919 1352 980 1387 τρὶς

184 1388 265 1414 more
285 1389 330 1415 καὶ
346 1388 476 1420 πολλάκις
496 1388 632 1419 Διονύσιος
655 1387 701 1415 ἐπὶ
723 1387 906 1423 ἑϐδομήκοντα
932 1388 978 1422 ἐτη

185 1423 297 1459 χρόνον,
314 1423 357 1450 διὰ
378 1423 481 1459 μυρίων
504 1423 665 1459 ὀνειδισμῶν
684 1424 731 1450 καὶ
748 1423 907 1459 πειρασμῶν
932 1423 979 1449 καὶ

185 1458 322 1494 etalt-Situm,
338 1460 384 1485 καὶ
400 1459 544 1491 κινδύνων,
562 1459 609 1486 καὶ
621 1458 684 1494 τῶνγ
694 1458 851 1494 ᾳυντρόφῳν
870 1458 978 1493 φιλοσό-

187 1493 260 1529 φωνί
274 1494 373 1529 μᾶλλον
388 1494 416 1520 δὲ
432 1494 551 1529 ἀσόφων,
566 1493 739 1529 διεληλυθὼς,
752 1493 804 1521 etc.
818 1493 916 1520 Beatus
928 1493 978 1528 igi-

186 1533 241 1560 tur,
256 1533 281 1556 et
297 1534 384 1565 terque
401 1534 543 1565 quaterque
560 1529 650 1565 beatus
666 1528 812 1563 Dionysius
827 1529 862 1555 ad
872 1534 979 1565 septua-

183 1564 260 1599 ginta
271 1573 353 1592 annos
367 1573 413 1599 per
429 1564 501 1592 mille
512 1564 653 1599 opprobria
666 1569 692 1591 et
703 1565 859 1591 tentationes
874 1570 898 1591 et
909 1564 978 1591 bella

184 1604 211 1626 et
227 1600 354 1634 pericula,
373 1605 428 1627 tam
447 1608 463 1626 a
480 1601 535 1627 suis
550 1599 722 1634 popularibus
745 1605 768 1626 ct
791 1599 908 1633 ejusdem
923 1599 976 1626 ali-

184 1635 291 1676 quando
306 1635 452 1676 religionis,
467 1636 587 1676 etrsimul
606 1634 725 1676 educatis
743 1635 916 1676 philosophis,
931 1640 977 1676 aut

182 1670 367 1703 insipientibus
381 1671 478 1705 potius,
494 1675 684 1705 transgressus.
699 1674 752 1697 etc.
772 1670 838 1702 Quae
850 1671 933 1697 verba
944 1671 978 1697 de

183 1706 265 1733 annis
279 1707 368 1733 aetatis
379 1706 484 1741 accepit
496 1705 640 1735 Baronius.
653 1713 714 1732 cum
726 1705 753 1732 id
762 1706 846 1732 verba
860 1713 915 1733 non
932 1713 978 1732 so-

182 1744 261 1773 nent,
280 1741 327 1768 sed
343 1741 430 1775 magis
447 1742 616 1768 contrarium
637 1742 753 1767 innuant
764 1760 772 1772 ,
788 1748 886 1775 nempe
911 1745 979 1771 tem,-

183 1782 247 1811 pus,
263 1776 336 1811 quod
351 1777 378 1802 in
390 1776 492 1804 Christi
507 1777 619 1803 servitio
630 1776 715 1802 multa
731 1776 803 1803 inter
817 1776 976 1810 opprobria,

183 1810 317 1846 pericula,
344 1811 459 1839 adversa
475 1812 616 1846 transegit.
639 1810 718 1844 Quod
737 1819 770 1838 ex
786 1812 877 1838 verbis
896 1812 977 1846 paulo

222 1849 247 1873 st
262 1847 504 1881 subsequentibus,
521 1846 834 1882 liquidoﬂconfirmalur,
848 1847 977 1882 ubiﬂdicit

209 1881 344 1917 ionysium
357 1883 494 1917 peregissa
503 1881 615 1916 duplum
628 1881 656 1909 S.
668 1881 742 1908 Pauli
755 1889 882 1909 cursum:
896 1881 974 1917 501

184 1915 434 1953 Sicﬂenimhliabet
452 1925 457 1944 :
480 1915 664 1953 Καξίδραμὼν
695 1917 802 1953 δρόμον
819 1915 976 1953 amttam

182 1951 231 1978 τοῦ
241 1952 271 1978 ὃν
286 1951 391 1988 Ιῃῦλος
405 1951 583 1988 ὀνπολύαθλοζ
597 1953 644 1979 καὶ
658 1951 856 1988 οὺρὰνοδρόμος
880 1951 975 1987 δεδρά-

183 1995 283 2048 ἲηκεν.
299 1986 333 2014 Et
349 1988 395 2048 qui
415 1987 524 2022 duplum
541 1988 599 2022 ejus
616 1986 722 2014 cursum
736 1987 885 2020 percurrit,
900 1986 976 2022 quem

210 2023 288 2048 auius
304 2031 346 2048 mu
360 2028 447 2048 torum
461 2027 582 2048 expertus
601 2023 785 2048 certaminum.
803 2027 827 2048 et
848 2022 882 2048 ad
898 2023 975 2048 castos

210 2023 288 2050 auius
304 2022 447 2050 multorum
461 2027 582 2056 expertus
601 2023 785 2053 certaminum,
803 2027 827 2049 et
848 2022 882 2048 ad
898 2023 975 2050 caelos

182 2065 266 2093 usque
277 2064 413 2092 provectus
429 2059 556 2085 cucurrit.
573 2059 655 2093 Atqui
672 2058 700 2085 S.
715 2057 834 2084 Joannes
854 2058 975 2093 Chryso-

183 2097 290 2121 stomus
306 2093 332 2120 in
348 2093 465 2120 Homilia
480 2093 515 2120 De
528 2093 689 2128 principibus
705 2092 883 2128 apostolorum
896 2092 974 2120 Petro

182 2133 209 2155 et
231 2128 318 2155 Paulo
330 2129 436 2161 scribit,
448 2137 559 2156 cursum
571 2134 598 2156 et
612 2127 749 2156 Certamen
765 2128 792 2154 S.
804 2127 879 2155 Pauli
891 2128 976 2156 fuisse

183 2163 219 2191 35
233 2172 368 2191 annorum
386 2174 391 2191 :
409 2165 453 2191 cui
468 2168 495 2192 et
510 2165 533 2191 si
547 2164 615 2191 alios
633 2164 669 2191 55
685 2163 840 2194 addideris,
852 2164 927 2197 juste
942 2164 975 2192 70

182 2198 299 2232 efﬁcies,
318 2200 370 2226 hoc
388 2203 430 2227 est
441 2199 554 2234 duplum
569 2207 680 2227 cursum
693 2199 832 2234 Dionysii:
849 2203 888 2226 tot
901 2200 974 2226 enim

182 2234 223 2261 illi
239 2242 327 2262 annos
342 2235 464 2262 laborum
485 2235 582 2262 tribuit
598 2234 746 2270 Syngelusr,
765 2238 794 2261 ut
803 2234 860 2268 jam
876 2235 975 2262 videbi-

182 2273 240 2296 tur.
262 2270 339 2297 Alter
356 2270 433 2297 locus
451 2270 533 2305 igitur
550 2270 579 2297 in
599 2269 694 2305 eodem
715 2269 843 2296 Encomio
854 2289 860 2301 ,
877 2270 928 2296 sub
943 2270 974 2296 li-

181 2312 261 2335 nem,
288 2309 331 2346 est
347 2305 510 2346 ejusmodi;
523 2305 570 2346 ’1le
587 2304 633 2346 ρῦν
647 2305 691 2332 τὸν
707 2305 846 2346 ὲνρέτεσιν
857 2305 974 2346 ἑϐδομή-

182 2341 328 2376 Ξιρνταγτὴν
341 2340 522 2376 ἀπρστολικὴν
535 2340 681 2376 ὁδεύσαντα
695 2340 796 2375 τρίϐον,
805 2340 974 2376 καὶγΣωτῆρα

181 2374 639 2411 Χριστὸνκηρύξαντα-,θὶθηάξίως
649 2374 830 2410 Oengusum;
846 2375 911 2408 Quis
925 2374 974 2410 igi—

183 2415 227 2445 tur
245 2417 315 2441 eum,
331 2411 376 2445 qui
392 2418 474 2437 annos
488 2411 655 2445 septuaginta
670 2412 738 2437 viam
751 2411 850 2437 triverit
867 2416 975 2444 aposta-

182 2444 274 2477 licam,
290 2450 313 2471 et

181 2480 293 2506 miretur
301 2481 314 2508 2

181 2515 294 2550 inulque
316 2515 350 2542 de
373 2515 456 2549 duplo
474 2523 556 2543 cursu
581 2517 737 2543 accuratius
761 2516 948 2550 perpendisset
963 2537 971 2548 ,

181 2557 333 2585 nunquam,
353 2550 462 2585 opinor,
476 2550 591 2578 dixisset
611 2552 696 2578 videri
710 2552 762 2578 sibi
775 2552 971 2578 hallucinatum

181 2584 341 2613 Michaelem
358 2584 516 2620 Syngelum,
532 2586 587 2613 imo
601 2594 662 2613 eum
677 2587 755 2613 avide
770 2594 819 2620 pro
837 2594 886 2613 sua
909 2595 972 2613 scn-

180 2621 267 2647 tentia
282 2620 444 2655 arripuisset
459 2622 532 2655 (eum
546 2621 579 2647 ad
591 2629 650 2648 eam
663 2622 809 2656 plurimum
827 2622 920 2651 faciat)
932 2623 970 2649 uti

180 2655 296 2692 etillum
311 2656 441 2692 arripliit,
462 2663 517 2690 quo
540 2656 651 2690 scripsit
663 2655 800 2692 ’Syngelus
812 2656 970 2691 Dionysium

181 2690 490 2732 adestreman'l'rajani
510 2695 632 2732 tempora
656 2690 832 2732 pervenisse,
857 2690 970 2732 siirehut

181 2726 246 2753 alibi
261 2731 304 2754 est
315 2725 466 2762 ianrazco,
487 2726 555 2762 πρὸς
569 2726 609 2760 τῷ
623 2725 670 2753 τοῦ
687 2726 801 2753 διώκτου
814 2727 970 2762 τυραννίδος

180 2761 279 2796 πέρατι
292 2782 299 2795 ,
319 2761 353 2789 ad
376 2762 455 2796 finem
476 2761 625 2797 tyrannidis
646 2761 971 2797 persecutricis.'l)uravit

180 2802 271 2823 autem
287 2803 310 2823 et
329 2801 391 2831 post
406 2797 495 2831 ipsum
512 2797 660 2831 Traianum
674 2798 787 2824 incitata
800 2798 967 2832 persecutio,

180 2839 231 2867 nec
248 2839 392 2859 successor
405 2831 541 2860 Adrianus
557 2833 634 2860 initio
650 2832 755 2867 imperii
772 2831 813 2860 vel
825 2833 967 2865 exstinxit,

179 2866 221 2893 vel
235 2868 442 2907 repressitrfed
456 2866 777 2907 redacccndit__potius_et
793 2869 968 2907 la_xavit._As-

180 2903 286 2931 scutior
298 2902 369 2933 enim
383 2902 501 2934 Barouio
515 2904 572 2932 haec
584 2903 622 2934 de
631 2903 825 2934 illoscribenti
842 2914 848 2931 :
866 2914 875 2930 ι
895 2904 967 2935 Tan-

350 2445 491 2472 alvatorem
510 2446 644 2473 Christum
655 2446 818 2479 prwdicarit,
833 2446 910 2480 digne
925 2446 974 2473 ad-

328 2480 415 2513 Quem
432 2481 520 2507 locum
545 2482 567 2508 si
588 2481 720 2508 Duronius
742 2481 917 2512 attendisset,
935 2482 974 2508 si-

992 1583 1012 1611 C

1031 259 1150 294 Trajano
1161 259 1306 286 excitatam
1325 258 1417 286 Romae
1428 263 1621 293 compesceret,
1635 264 1664 286 ut
1675 259 1768 286 acrius
1781 263 1824 285 at-

1029 302 1083 330 que
1104 295 1231 322 acerbius
1253 295 1424 322 instaurarit.
1444 304 1453 320 ι
1477 294 1509 321 Et
1532 294 1601 321 infra
1618 302 1624 319 :
1652 303 1661 319 ι
1680 294 1822 321 Adrianus

1029 330 1113 365 igitur
1128 330 1187 364 ipso
1205 330 1233 356 in
1256 330 1400 364 imperium
1418 330 1555 364 ingressu,
1572 330 1622 357 etsi
1637 336 1703 364 erga
1723 336 1823 357 omnes

1029 365 1154 392 Romano
1169 365 1308 398 subjectos
1323 365 1437 399 imperio
1449 366 1581 400 optimum
1596 365 1761 400 principem,
1779 369 1823 391 ta-

1030 409 1093 428 men
1109 401 1136 428 in
1147 400 1318 428 Christianos
1336 400 1460 427 exhibuit
1479 408 1508 428 se
1521 400 1702 427 Phalaridein.
1724 409 1734 425 ι

1065 435 1143 463 Unde
1155 436 1295 463 conciliari
1312 436 1373 462 dua:
1387 436 1529 463 sententiae
1550 436 1583 463 de
1596 440 1719 469 tempore
1744 443 1820 461 mar-

1030 471 1094 506 tyrii
1107 471 1147 499 sic
1162 475 1289 506 possunt,
1308 475 1338 497 ut
1356 476 1382 497 et
1404 472 1456 498 sub
1471 471 1591 498 Adriano
1604 478 1692 497 caesus
1711 469 1822 496 dicatur

1076 506 1241 542 Dionysius,
1266 510 1293 533 et
1309 506 1344 542 in?
1355 507 1546 542 persecutione
1563 505 1675 539 Traiani
1693 513 1794 540 nempe
1805 513 1822 532 τι

1030 541 1154 574 Τηῄειιισ
1166 541 1304 570 inchoata.
1322 541 1363 576 ab,
1373 541 1492 576 Adriano
1507 545 1640 576 promota.

1066 577 1123 611 (75)
1139 577 1272 612 Quoniam
1286 576 1342 603 illic
1354 575 1614 612 Mercurius’honore
1625 578 1758 612 prmcipuo
1776 584 1823 602 co.

1031 612 1138 640 leretur.
1158 611 1195 639 Ita
1212 612 1315 638 cultum
1333 612 1417 639 fuisse
1433 611 1517 640 Gallis
1532 611 1710 643 Mercurium,
1722 616 1822 640 auctor

1031 648 1142 685 estipse
1157 647 1247 685 Julius
1259 647 1363 685 Caesar,
1382 647 1429 675 lib.
1440 656 1476 685 vi
1501 646 1630 685 De__bello
1645 648 1760 678 Gallico,
1778 647 1822 674 bis

1030 683 1122 710 verbis
1136 692 1142 710 :
1157 692 1166 707 ι
1181 682 1277 710 Deum.
1290 683 1388 717 inquit,
1401 682 1520 710 maxime
1533 682 1697 710 Mercurium
1714 685 1820 710 colunt.

1031 717 1119 752 Hujus
1144 721 1208 744 sunt
1235 717 1351 752 plurima
1367 718 1532 745 simulacra:
1549 718 1620 745 hunc
1635 720 1758 746 omnium
1775 720 1816 745 in-

1030 758 1170 781 ventorem
1185 753 1285 779 artium
1298 752 1410 780 ferunt:
1428 753 1500 780 hunc
1517 753 1623 780 viarum
1641 759 1722 785 atque
1740 755 1822 781 itine-

1029 796 1090 815 rum
1110 789 1222 821 duceni;
1241 788 1313 815 hunc
1332 787 1366 814 ad
1383 792 1505 822 quastus
1527 789 1658 823 pecunias.
1682 793 1823 816 mercatu-

1029 831 1129 857 rasque
1155 824 1255 850 habere
1283 823 1337 850 vim
1373 824 1518 851 maximam
1547 824 1726 851 arbitrantur.
1755 824 1822 851 Post

1031 859 1115 892 hunc,
1131 859 1300 893 Apollinem.
1317 862 1344 885 ct
1364 858 1475 885 Martem
1487 879 1495 889 ,
1509 863 1535 885 et
1548 858 1652 889 Jovem.
1676 864 1703 887 et
1719 860 1823 887 Miner-

1029 902 1102 922 vam.
1123 904 1132 920 ι
1148 894 1186 921 lla
1201 894 1302 922 Caesar.
1320 893 1369 920 Ubi
1381 898 1456 926 nota,
1480 894 1561 920 Deum
1575 895 1706 927 maxime,
1726 896 1754 922 id
1779 898 1823 922 est

1030 937 1045 957 e
1062 929 1116 957 diis
1133 929 1261 961 maxime,
1278 928 1439 956 Mercurium
1455 930 1555 956 colunt.
1574 929 1640 957 Esse
1653 931 1725 957 enim
1739 938 1822 957 casus

1028 964 1173 1000 gignendi,
1199 965 1302 991 indicat
1318 968 1397 992 vetus
1414 965 1549 999 interpres
1563 964 1675 993 Graecus
1687 986 1694 997 ,
1715 966 1764 999 qui
1783 966 1821 992 ita

1029 1001 1093 1035 legit
1112 1004 1138 1027 et
1160 1000 1241 1027 vertit
1253 1000 1399 1036 λΠάντιρν
1421 1000 1451 1027 δὲ
1472 1000 1526 1028 τῶν
1551 1000 1619 1027 Θεῶν
1644 1001 1690 1027 τὸν
1717 1000 1822 1036 Ἑρμῆν

1030 1034 1213 1071 aspicedum
1230 1034 1410 1071 aéSchiLEx
1429 1035 1549 1062 omnibus
1566 1036 1617 1062 diis
1639 1034 1754 1063 maxime
1768 1034 1822 1062 Vco-

1029 1070 1086 1097 lunt
1102 1070 1275 1098 Mercurium.
1291 1070 1326 1097 De
1342 1070 1479 1097 Mercurio
1490 1074 1533 1098 est
1546 1071 1627 1097 ctiam
1650 1072 1696 1098 illa
1711 1071 1822 1098 Tertul-

1029 1106 1096 1133 liani
1112 1106 1273 1135 auctoritas.
1288 1105 1315 1132 in
1332 1104 1496 1140 Scorpiaco,
1512 1105 1637 1133 adversus
1660 1106 1800 1133 Gnoxticos
1812 1126 1821 1138 ,

1029 1149 1054 1177 ρ.
1073 1141 1087 1177 Ἰ
1103 1151 1109 1168 :
1131 1150 1141 1166 ι
1160 1141 1212 1177 sed
1228 1141 1310 1177 enim,
1324 1141 1423 1176 inquit,
1440 1141 1601 1177 Scytharum
1629 1141 1754 1173 Dianam,
1772 1145 1821 1169 aut

1028 1176 1168 1204 Gallorum
1188 1175 1369 1208 Mercurium,
1379 1180 1427 1203 aut
1441 1175 1568 1204 Afrorum
1581 1175 1728 1204 Saturnum
1743 1197 1749 1208 ,
1768 1177 1821 1204 ho—

1029 1212 1136 1247 minum
1162 1211 1274 1238 victima
1297 1212 1399 1246 placari
1434 1213 1504 1247 apud
1536 1212 1665 1239 szeculum
1689 1213 1781 1247 liquit.
1808 1222 1818 1238 ι

1029 1246 1098 1274 Nota
1124 1247 1201 1281 liquit
1227 1247 1395 1281 prieteritum
1419 1246 1481 1275 esse
1502 1255 1516 1274 a
1536 1248 1631 1281 liquet,
1654 1248 1678 1274 id
1695 1246 1737 1275 est
1753 1256 1822 1280 con.-

1030 1283 1109 1310 stitit.
1127 1282 1228 1309 Mentio
1243 1282 1306 1309 item
1321 1282 1404 1315 hujus
1418 1282 1516 1309 nefarii
1530 1283 1621 1309 cultus
1636 1287 1725 1310 exstat
1747 1283 1821 1317 apud

1030 1317 1177 1344 Minutium
1195 1317 1312 1345 Felicem
1326 1318 1352 1343 in
1365 1317 1484 1350 Octavio,
1506 1318 1558 1344 sub
1578 1318 1698 1345 initium.
1725 1328 1733 1343 ι
1755 1318 1821 1345 huic

1030 1354 1108 1386 adeo,
1127 1353 1227 1387 inquit,
1243 1360 1291 1387 per
1307 1353 1434 1380 universa
1449 1354 1573 1387 imperia,
1589 1354 1757 1387 provincias,
1770 1362 1821 1388 0p-

1030 1389 1103 1423 pida,
1121 1388 1247 1415 videmus
1255 1388 1379 1423 singulos
1396 1396 1536 1415 sacrorum
1557 1389 1627 1416 ritus
1645 1390 1760 1424 gentiles
1775 1389 1821 1415 lia-

1030 1424 1110 1456 bere,
1129 1427 1156 1450 et
1173 1423 1239 1451 deos
1255 1423 1345 1450 colere
1360 1424 1522 1458 municipes,
1538 1429 1565 1450 ut
1581 1424 1723 1451 Eleusinios
1737 1423 1821 1451 Cerco

1030 1467 1100 1490 rem,
1118 1458 1240 1494 Phrygas
1257 1458 1381 1494 Magnam
1397 1463 1521 1489 matrem,
1538 1458 1711 1494 Epidaurios
1722 1458 1821 1486 discu—

1030 1494 1144 1530 l_apium,
1159 1494 1311 1530 Chaldaeos
1321 1493 1426 1524 Belum,
1443 1493 1570 1521 Astarten
1590 1494 1686 1530 Syros,
1705 1493 1821 1521 Dianam

1030 1528 1175 1561 Tauricos,
1193 1528 1286 1556 Gallos
1304 1529 1479 1560 Mercurium,
1492 1528 1620 1557 universa
1633 1530 1780 1557 Romanos.
1790 1539 1800 1554 ι

1067 1565 1104 1592 De
1120 1564 1213 1591 Martis
1234 1569 1323 1591 autem
1345 1564 1420 1591 cultu
1437 1569 1572 1592 testantur
1593 1569 1685 1592 vetera
1709 1569 1822 1592 sancto-

1029 1607 1089 1626 rum
1100 1601 1178 1632 Acta,
1196 1607 1212 1626 e
1230 1599 1330 1635 quibus
1347 1599 1404 1626 hare
1418 1600 1569 1635 desumpsit
1584 1599 1746 1628 Vincentius
1761 1599 1823 1627 Belv

1030 1635 1184 1663 lovaccnsis
1201 1635 1228 1661 in
1246 1634 1357 1668 Speculo
1373 1635 1435 1662 hist.
1452 1635 1498 1662 lib.
1514 1634 1541 1666 i,
1558 1643 1584 1662 c.
1602 1635 1637 1661 27
1653 1645 1659 1662 :
1676 1646 1685 1660 ι
1708 1635 1741 1662 lii
1755 1643 1822 1663 san-

1029 1671 1065 1697 cti
1083 1671 1134 1697 viri
1159 1678 1175 1697 a
1196 1669 1226 1696 Β.
1245 1669 1384 1705 Clemente
1405 1669 1513 1701 directi,
1532 1671 1682 1705 apostolica
1708 1671 1822 1698 benedi-

1029 1706 1122 1732 ctione
1139 1705 1272 1736 roborati,
1288 1709 1315 1732 et
1332 1704 1450 1740 Spiritus
1465 1704 1558 1733 sancti
1571 1713 1664 1733 amore
1677 1708 1819 1737 succensi,

1029 1740 1163 1768 Dominici
1177 1741 1250 1776 ruris
1265 1740 1358 1768 ﬁdeles
1374 1741 1509 1775 agricolas,
1529 1740 1682 1770 barbaricis
1699 1742 1821 1776 pectori-

1028 1776 1080 1804 bus
1095 1776 1209 1803 verbum
1223 1773 1271 1803 Dei
1282 1773 1442 1807 inferentes,
1459 1776 1658 1804 Arelatensium
1685 1773 1822 1804 venerunt

1028 1812 1062 1838 ad
1075 1812 1181 1842 urbem,
1200 1815 1360 1846 tantamque
1373 1812 1487 1846 gratiam
1504 1812 1609 1838 sanctis
1624 1813 1682 1839 suis
1702 1813 1819 1846 largitus

1027 1851 1070 1875 est
1084 1846 1231 1878 Dominus,
1251 1850 1280 1882 ut
1296 1854 1390 1873 eorum
1415 1847 1598 1882 pnedicationi
1623 1847 1700 1882 plebs
1723 1848 1820 1874 Arela-

1027 1882 1115 1909 tensis
1127 1882 1202 1908 nullo
1218 1881 1299 1908 modo
1313 1882 1464 1912 resisteret,
1481 1882 1528 1917 sed
1545 1881 1721 1917 Evangeliuin
1735 1882 1820 1909 Chri-

1027 1918 1061 1944 sti
1075 1917 1180 1944 devotis
1194 1917 1347 1951 suscipiens
1356 1916 1684 1950 mentibus,Conditorem
1694 1919 1820 1944 omnium

1028 1952 1144 1980 ﬁdeliter
1169 1952 1306 1979 adoraret.
1323 1951 1388 1978 Erat
1406 1953 1478 1978 enim
1505 1953 1542 1979 ibi
1562 1953 1687 1980 maximae
1703 1961 1822 1980 venera-

1026 1988 1109 2016 tionis
1126 1987 1267 2022 templum,
1288 1988 1315 2014 in
1338 1994 1392 2021 quo
1409 1986 1506 2015 Martis
1522 1991 1614 2016 statua
1630 1988 1664 2014 ab
1686 1989 1820 2016 omnibus

1026 2021 1281 2055 colcbatur.’Quam
1295 2022 1324 2049 B.
1338 2021 1485 2057 Dionysius
1500 2023 1575 2049 nullo
1587 2023 1727 2050 hominum
1742 2024 1822 2050 labu-

1026 2066 1065 2090 re,
1081 2059 1129 2085 sed
1145 2058 1231 2085 divini
1244 2058 1363 2086 nominis
1381 2058 1552 2085 invocatione
1567 2059 1712 2093 confregit,
1729 2065 1756 2085 et
1768 2060 1822 2086 cli-

1026 2094 1138 2120 niinatis
1158 2094 1230 2120 soliti
1255 2093 1345 2121 cultus
1361 2094 1516 2127 spurcitiis.
1539 2094 1573 2119 arl
1595 2095 1819 2127 regeneratulum

1026 2129 1157 2163 populum
1169 2128 1227 2160 Dei,
1239 2127 1429 2163 baptisterium
1439 2129 1475 2154 ibi
1490 2129 1547 2156 fieri
1562 2130 1689 2164 praecepit
1704 2139 1711 2156 :
1726 2130 1819 2164 ipsqu

1026 2172 1091 2191 vero
1106 2164 1248 2198 templum,
1259 2164 1314 2199 sub
1331 2163 1506 2191 veneratione
1519 2163 1660 2191 beatorum
1673 2166 1820 2199 apostolo—

1025 2207 1087 2226 rum
1112 2197 1186 2226 Petri
1208 2202 1235 2226 et
1259 2197 1335 2225 Pauli
1360 2199 1506 2226 ecclesiam
1527 2197 1709 2226 consecravit.
1736 2210 1745 2224 ι
1781 2199 1821 2227 De

1027 2233 1099 2262 Heso
1112 2238 1139 2261 et
1154 2233 1297 2270 Theutate.
1313 2234 1367 2261 diis
1379 2234 1472 2270 itidem
1491 2234 1631 2261 Gallorum
1642 2255 1649 2267 ,
1664 2242 1820 2270 eorumque

990 2260 1012 2287 Β
1027 2260 1121 2302 cultu,
1133 2270 1193 2297 vide
1202 2260 1232 2296 in
1247 2260 1368 2296 Historia
1386 2260 1505 2301 deorum,
1516 2260 1692 2305 syntaginate

1027 2305 1106 2332 linem
1111 2326 1118 2332 .

1063 2340 1119 2376 (76)
1135 2340 1257 2374 Dionysii
1274 2340 1400 2376 martyris
1424 2344 1542 2376 truncus,
1558 2345 1611 2367 etc.
1631 2339 1742 2376 Simeon
1760 2342 1819 2369 Me-

1026 2373 1181 2414 taphrastes
1201 2373 1214 2414 ξ
1229 2373 1354 2414 ’Ίὲξφερεν
1367 2373 1413 2414 ρῧν
1436 2375 1484 2409 τὴν
1502 2375 1771 2414 ἕεφςιλὴνμκᾳθάπερ
1788 2386 1818 2404 τι

1026 2409 1154 2446 τρόπαιον
1170 2411 1216 2437 ἐπὶ
1231 2411 1284 2437 τῶν
1299 2409 1409 2446 χειρῶν,
1425 2416 1486 2446 etc.
1496 2409 1615 2437 Ferebat'
1629 2411 1712 2446 igitur
1732 2409 1818 2446 caput

1025 2445 1052 2471 in
1067 2446 1200 2476 manibus,
1216 2447 1293 2481 quasi
1308 2445 1436 2480 trapetum
1451 2445 1566 2480 alit/uad.
1583 2446 1655 2472 Idem
1668 2446 1751 2474 refert
1763 2447 1821 2475 Me-

1024 2481 1135 2509 thodius
1151 2491 1156 2508 :
1171 2481 1299 2517 Καὶᾼγὰρλ
1311 2482 1343 2516 τῇ
1363 2481 1486 2517 μακᾳρίᾳ
1502 2481 1574 2516 χειρὶ
1591 2481 1689 2507 ἑαυτοῦ
1706 2483 1757 2517 τὴν
1773 2492 1818 2509 κε-

1024 2517 1112 2550 φαλὴν
1127 2517 1181 2543 ἀπὸ
1198 2515 1394 2552 τοῦηάώμὰτος
1489 2515 1668 2552 τῶνςάνόμων
1684 2517 1723 2552 τῷ
1734 2515 1817 2552 ’ξίςρει

1023 2552 1227 2588 ἀποτμηθεῖσαν
1244 2550 1333 2588 ἔλαϐε,
1349 2550 1529 2588 etc.__Etenim_
1542 2550 1619 2588 beata
1629 2550 1717 2588 manu
1733 2550 1816 2586 caput

1023 2585 1102 2613 suuni
1112 2585 1248 2620 a'corpore
1261 2589 1294 2613 ab
1313 2585 1462 2615 hominibus
1482 2586 1591 2620 nefariis
1606 2587 1696 2622 gladio
1717 2585 1815 2622 prtici-

1092 2623 1200 2663 accepit.
1211 2622 1278 2649 Vide
1298 2622 1375 2657 apud
1384 2621 1493 2648 eosdem
1510 2621 1645 2656 plura,'et
1662 2621 1723 2650 fuse
1737 2623 1814 2658 apud

1049 2667 1055 2684 I
1068 2667 1075 2684 (
1088 2665 1194 2684 υιιιυηι.

1049 2658 1194 2685 ίΙ‹Ιιιίιιιιιιι.

1057 2693 1157 2720 Eadem
1174 2694 1209 2721 de
1222 2700 1251 2720 re
1266 2693 1344 2727 Hugo
1359 2701 1374 2720 a
1391 2692 1419 2721 S.
1436 2692 1546 2719 Victore
1567 2692 1616 2720 lib.
1639 2700 1665 2719 iv
1680 2693 1717 2720 De
1732 2694 1813 2720 vani-

1022 2732 1075 2755 tate
1097 2728 1207 2760 mundi,
1226 2729 1278 2756 sub
1296 2729 1394 2755 linem:
1415 2738 1424 2754 ι
1455 2728 1601 2763 Dionysius
1629 2729 1807 2764 Areopagitas,

1021 2764 1118 2798 inquit,
1135 2767 1247 2798 accepto
1260 2764 1389 2790 mandato
1402 2763 1517 2791 Galliam
1536 2764 1699 2798 penetravit,
1712 2763 1809 2798 etpu-

1020 2807 1118 2834 gnans,
1137 2803 1166 2825 ut
1180 2801 1311 2830 vinceret,
1330 2799 1472 2834 praeValuit
1485 2798 1608 2826 stabilire
1618 2799 1691 2833 leges
1709 2799 1735 2825 in
1753 2804 1808 2826 ter-

1020 2833 1060 2861 ra.
1084 2835 1144 2869 Ipse
1160 2835 1250 2866 enim,
1270 2838 1300 2860 ut
1323 2834 1480 2862 ostenderet
1502 2833 1572 2860 viam
1594 2834 1656 2861 vita:
1669 2854 1676 2865 ,
1695 2837 1811 2869 propter

1019 2869 1209 2897 testimonium
1226 2870 1363 2901 veritatis,
1381 2869 1492 2896 verbum
1509 2869 1643 2903 sanguine
1658 2877 1808 2896 consecro-

1019 2905 1058 2932 vit
1073 2914 1079 2931 :
1097 2908 1175 2933 ct.ne
1190 2911 1264 2934 mors
1279 2904 1361 2935 vitam
1379 2904 1566 2936 licereditaret,
1585 2904 1613 2931 in
1632 2905 1748 2935 [MOLlliS
1766 2905 1808 2931 vi-
