  <div class='ocr_page' id='page_1' title='image "/cluster/home/n/w/nwhite01/storage/ocr_20150623/4/njp.32101010944526/426.png"; bbox 0 0 1929 3092; ppageno 0'>
   <div class='ocr_carea' id='block_1_1' title="bbox 109 192 162 220">
    <p class='ocr_par' dir='ltr' id='par_1_1' title="bbox 109 192 162 220">
     <span class='ocr_line' id='line_1_1' title="bbox 109 192 162 220; baseline 0.019 -1"><span class='ocrx_word' id='word_1_1' title='bbox 109 192 162 220; x_wconf 75' lang='grc'><strong>855</strong></span> 
     </span>
    </p>
   </div>
   <div class='ocr_carea' id='block_1_2' title="bbox 144 252 797 289">
    <p class='ocr_par' dir='ltr' id='par_1_2' title="bbox 144 252 797 289">
     <span class='ocr_line' id='line_1_2' title="bbox 144 252 797 289; baseline 0.003 -10"><span class='ocrx_word' id='word_1_2' title='bbox 144 252 175 280; x_wconf 86' lang='lat' dir='ltr'><strong>L.</strong></span> <span class='ocrx_word' id='word_1_3' title='bbox 198 252 337 281; x_wconf 83' lang='lat' dir='ltr'><strong>Marincus</strong></span> <span class='ocrx_word' id='word_1_4' title='bbox 364 253 474 281; x_wconf 86' lang='lat' dir='ltr'><strong>Siculus</strong></span> <span class='ocrx_word' id='word_1_5' title='bbox 499 253 560 280; x_wconf 90' lang='lat' dir='ltr'><strong>loco</strong></span> <span class='ocrx_word' id='word_1_6' title='bbox 579 261 662 289; x_wconf 85' lang='lat' dir='ltr'><strong>supra</strong></span> <span class='ocrx_word' id='word_1_7' title='bbox 686 254 771 281; x_wconf 82' lang='lat' dir='ltr'><strong>citato</strong></span> <span class='ocrx_word' id='word_1_8' title='bbox 791 263 797 281; x_wconf 89' lang='lat'>:</span> 
     </span>
    </p>
   </div>
   <div class='ocr_carea' id='block_1_3' title="bbox 109 289 895 324">
    <p class='ocr_par' dir='ltr' id='par_1_3' title="bbox 109 289 895 324">
     <span class='ocr_line' id='line_1_3' title="bbox 109 289 895 324; baseline -0.001 -8"><span class='ocrx_word' id='word_1_9' title='bbox 109 295 252 324; x_wconf 76' lang='lat' dir='ltr'><strong>postquam</strong></span> <span class='ocrx_word' id='word_1_10' title='bbox 268 289 390 316; x_wconf 86' lang='lat' dir='ltr'><strong>visitavit</strong></span> <span class='ocrx_word' id='word_1_11' title='bbox 414 289 573 323; x_wconf 80' lang='lat' dir='ltr'><strong>magistrum</strong></span> <span class='ocrx_word' id='word_1_12' title='bbox 599 289 774 324; x_wconf 80' lang='lat' dir='ltr'><strong>Dionysium,</strong></span> <span class='ocrx_word' id='word_1_13' title='bbox 791 289 895 324; x_wconf 86' lang='lat' dir='ltr'><strong>inquit,</strong></span> 
     </span>
    </p>
   </div>
   <div class='ocr_carea' id='block_1_4' title="bbox 109 325 895 359">
    <p class='ocr_par' dir='ltr' id='par_1_4' title="bbox 109 325 895 359">
     <span class='ocr_line' id='line_1_4' title="bbox 109 325 895 359; baseline 0.004 -11"><span class='ocrx_word' id='word_1_14' title='bbox 109 332 170 351; x_wconf 68' lang='lat' dir='ltr'><strong>eum</strong></span> <span class='ocrx_word' id='word_1_15' title='bbox 185 325 237 352; x_wconf 87' lang='lat' dir='ltr'><strong>iter</strong></span> <span class='ocrx_word' id='word_1_16' title='bbox 250 329 322 352; x_wconf 87' lang='lat' dir='ltr'><strong>esset</strong></span> <span class='ocrx_word' id='word_1_17' title='bbox 336 325 477 359; x_wconf 80' lang='lat' dir='ltr'><strong>ingressus</strong></span> <span class='ocrx_word' id='word_1_18' title='bbox 488 346 494 354; x_wconf 81' lang='lat'><strong>.</strong></span> <span class='ocrx_word' id='word_1_19' title='bbox 511 331 525 350; x_wconf 91' lang='lat' dir='ltr'><strong>a</strong></span> <span class='ocrx_word' id='word_1_20' title='bbox 537 325 685 359; x_wconf 79' lang='lat' dir='ltr'><strong>gentilibus</strong></span> <span class='ocrx_word' id='word_1_21' title='bbox 697 325 895 358; x_wconf 83' lang='lat' dir='ltr'><strong>deprehensus,</strong></span> 
     </span>
    </p>
   </div>
   <div class='ocr_carea' id='block_1_5' title="bbox 108 359 897 395">
    <p class='ocr_par' dir='ltr' id='par_1_5' title="bbox 108 359 897 395">
     <span class='ocr_line' id='line_1_5' title="bbox 108 359 897 395; baseline 0 -9"><span class='ocrx_word' id='word_1_22' title='bbox 108 363 135 386; x_wconf 88' lang='lat' dir='ltr'><strong>et</strong></span> <span class='ocrx_word' id='word_1_23' title='bbox 150 367 184 395; x_wconf 62' lang='lat' dir='ltr'><strong>ex</strong></span> <span class='ocrx_word' id='word_1_24' title='bbox 201 359 261 386; x_wconf 85' lang='lat' dir='ltr'><strong>ﬁdei</strong></span> <span class='ocrx_word' id='word_1_25' title='bbox 279 360 454 387; x_wconf 81' lang='lat' dir='ltr'><strong>confessione</strong></span> <span class='ocrx_word' id='word_1_26' title='bbox 473 359 535 394; x_wconf 85' lang='lat' dir='ltr'><strong>quis</strong></span> <span class='ocrx_word' id='word_1_27' title='bbox 552 363 624 386; x_wconf 87' lang='lat' dir='ltr'><strong>esset</strong></span> <span class='ocrx_word' id='word_1_28' title='bbox 647 360 784 394; x_wconf 80' lang='lat' dir='ltr'><strong>cognitus,</strong></span> <span class='ocrx_word' id='word_1_29' title='bbox 806 360 897 395; x_wconf 84' lang='lat' dir='ltr'><strong>gladio</strong></span> 
     </span>
    </p>
   </div>
   <div class='ocr_carea' id='block_1_6' title="bbox 109 394 896 430">
    <p class='ocr_par' dir='ltr' id='par_1_6' title="bbox 109 394 896 430">
     <span class='ocr_line' id='line_1_6' title="bbox 109 394 896 430; baseline 0.001 -10"><span class='ocrx_word' id='word_1_30' title='bbox 109 394 249 429; x_wconf 83' lang='lat' dir='ltr'><strong>aperiente</strong></span> <span class='ocrx_word' id='word_1_31' title='bbox 261 395 332 421; x_wconf 90' lang='lat' dir='ltr'><strong>viam</strong></span> <span class='ocrx_word' id='word_1_32' title='bbox 343 414 351 426; x_wconf 87' lang='grc'>,</span> <span class='ocrx_word' id='word_1_33' title='bbox 368 402 421 428; x_wconf 89' lang='lat' dir='ltr'><strong>qua</strong></span> <span class='ocrx_word' id='word_1_34' title='bbox 439 395 568 429; x_wconf 73' lang='lat' dir='ltr'><strong>magister</strong></span> <span class='ocrx_word' id='word_1_35' title='bbox 586 402 653 422; x_wconf 90' lang='lat' dir='ltr'><strong>suus</strong></span> <span class='ocrx_word' id='word_1_36' title='bbox 673 395 738 421; x_wconf 89' lang='lat' dir='ltr'><strong>illuc</strong></span> <span class='ocrx_word' id='word_1_37' title='bbox 755 395 812 429; x_wconf 84' lang='lat' dir='ltr'><strong>jam</strong></span> <span class='ocrx_word' id='word_1_38' title='bbox 828 402 896 430; x_wconf 73' lang='lat' dir='ltr'><strong>pra:-</strong></span> 
     </span>
    </p>
   </div>
   <div class='ocr_carea' id='block_1_7' title="bbox 109 430 714 462">
    <p class='ocr_par' dir='ltr' id='par_1_7' title="bbox 109 430 714 462">
     <span class='ocr_line' id='line_1_7' title="bbox 109 430 714 462; baseline -0.002 -5"><span class='ocrx_word' id='word_1_39' title='bbox 109 433 239 459; x_wconf 81' lang='lat' dir='ltr'><strong>cesserat.</strong></span> <span class='ocrx_word' id='word_1_40' title='bbox 252 430 352 457; x_wconf 64' lang='lat' dir='ltr'><strong>malum</strong></span> <span class='ocrx_word' id='word_1_41' title='bbox 366 434 512 456; x_wconf 88' lang='lat' dir='ltr'><strong>coronatus</strong></span> <span class='ocrx_word' id='word_1_42' title='bbox 529 430 690 462; x_wconf 71' lang='lat' dir='ltr'><strong>ingreditur.</strong></span> <span class='ocrx_word' id='word_1_43' title='bbox 706 439 714 455; x_wconf 81' lang='grc'><strong>›</strong></span> 
     </span>
    </p>
   </div>
   <div class='ocr_carea' id='block_1_8' title="bbox 143 464 894 501">
    <p class='ocr_par' dir='ltr' id='par_1_8' title="bbox 143 464 894 501">
     <span class='ocr_line' id='line_1_8' title="bbox 143 464 894 501; baseline -0.001 -9"><span class='ocrx_word' id='word_1_44' title='bbox 143 465 201 501; x_wconf 78' lang='grc'><strong>(95)</strong></span> <span class='ocrx_word' id='word_1_45' title='bbox 222 465 310 492; x_wconf 80' lang='lat' dir='ltr'><strong>Annos</strong></span> <span class='ocrx_word' id='word_1_46' title='bbox 335 466 438 501; x_wconf 64' lang='lat' dir='ltr'><strong>circiter</strong></span> <span class='ocrx_word' id='word_1_47' title='bbox 459 464 583 501; x_wconf 74' lang='lat' dir='ltr'><strong>ducentos</strong></span> <span class='ocrx_word' id='word_1_48' title='bbox 606 466 758 501; x_wconf 76' lang='lat' dir='ltr'><strong>immersum</strong></span> <span class='ocrx_word' id='word_1_49' title='bbox 779 465 894 492; x_wconf 73' lang='lat' dir='ltr'><strong>delituit.</strong></span> 
     </span>
    </p>
   </div>
   <div class='ocr_carea' id='block_1_9' title="bbox 107 499 896 535">
    <p class='ocr_par' dir='ltr' id='par_1_9' title="bbox 107 499 896 535">
     <span class='ocr_line' id='line_1_9' title="bbox 107 499 896 535; baseline 0 -8"><span class='ocrx_word' id='word_1_50' title='bbox 107 499 153 527; x_wconf 49' lang='lat' dir='ltr'><strong>lta&#39;</strong></span> <span class='ocrx_word' id='word_1_51' title='bbox 163 499 333 535; x_wconf 82' lang='lat' dir='ltr'><strong>scripserunt</strong></span> <span class='ocrx_word' id='word_1_52' title='bbox 347 500 450 528; x_wconf 84' lang='lat' dir='ltr'><strong>Vaseus</strong></span> <span class='ocrx_word' id='word_1_53' title='bbox 466 500 493 526; x_wconf 91' lang='lat' dir='ltr'><strong>in</strong></span> <span class='ocrx_word' id='word_1_54' title='bbox 509 499 638 527; x_wconf 84' lang='lat' dir='ltr'><strong>Chronico</strong></span> <span class='ocrx_word' id='word_1_55' title='bbox 662 500 695 526; x_wconf 92' lang='lat' dir='ltr'><strong>ad</strong></span> <span class='ocrx_word' id='word_1_56' title='bbox 722 508 823 526; x_wconf 90' lang='lat' dir='ltr'><strong>annum</strong></span> <span class='ocrx_word' id='word_1_57' title='bbox 843 501 896 527; x_wconf 86' lang='lat' dir='ltr'><strong>Do-</strong></span> 
     </span>
    </p>
   </div>
   <div class='ocr_carea' id='block_1_10' title="bbox 107 534 895 568">
    <p class='ocr_par' dir='ltr' id='par_1_10' title="bbox 107 534 895 568">
     <span class='ocr_line' id='line_1_10' title="bbox 107 534 895 568; baseline 0 -6"><span class='ocrx_word' id='word_1_58' title='bbox 107 536 174 562; x_wconf 92' lang='lat' dir='ltr'><strong>mini</strong></span> <span class='ocrx_word' id='word_1_59' title='bbox 192 536 237 567; x_wconf 85' lang='lat'><strong>97,</strong></span> <span class='ocrx_word' id='word_1_60' title='bbox 254 535 373 562; x_wconf 83' lang='lat' dir='ltr'><strong>Thomas</strong></span> <span class='ocrx_word' id='word_1_61' title='bbox 385 536 418 561; x_wconf 90' lang='lat' dir='ltr'><strong>de</strong></span> <span class='ocrx_word' id='word_1_62' title='bbox 432 535 554 568; x_wconf 83' lang='lat' dir='ltr'><strong>Trugillo</strong></span> <span class='ocrx_word' id='word_1_63' title='bbox 570 539 635 562; x_wconf 88' lang='lat' dir='ltr'><strong>tom.</strong></span> <span class='ocrx_word' id='word_1_64' title='bbox 654 534 675 561; x_wconf 94' lang='lat' dir='ltr'><strong>ll</strong></span> <span class='ocrx_word' id='word_1_65' title='bbox 693 535 840 566; x_wconf 72' lang='lat' dir='ltr'><strong>Thesauri,</strong></span> <span class='ocrx_word' id='word_1_66' title='bbox 861 535 895 562; x_wconf 90' lang='lat' dir='ltr'><strong>ad</strong></span> 
     </span>
    </p>
   </div>
   <div class='ocr_carea' id='block_1_11' title="bbox 108 570 895 602">
    <p class='ocr_par' dir='ltr' id='par_1_11' title="bbox 108 570 895 602">
     <span class='ocr_line' id='line_1_11' title="bbox 108 570 895 602; baseline -0.003 -4"><span class='ocrx_word' id='word_1_67' title='bbox 108 571 143 598; x_wconf 79' lang='grc'><strong>15</strong></span> <span class='ocrx_word' id='word_1_68' title='bbox 157 571 333 602; x_wconf 78' lang='lat' dir='ltr'><strong>Novembris,</strong></span> <span class='ocrx_word' id='word_1_69' title='bbox 346 575 372 598; x_wconf 89' lang='lat' dir='ltr'><strong>et</strong></span> <span class='ocrx_word' id='word_1_70' title='bbox 386 570 550 597; x_wconf 87' lang='lat' dir='ltr'><strong>Franciseus</strong></span> <span class='ocrx_word' id='word_1_71' title='bbox 569 570 692 597; x_wconf 84' lang='lat' dir='ltr'><strong>Bivarius</strong></span> <span class='ocrx_word' id='word_1_72' title='bbox 708 571 736 597; x_wconf 89' lang='lat' dir='ltr'><strong>in</strong></span> <span class='ocrx_word' id='word_1_73' title='bbox 754 570 895 596; x_wconf 81' lang='lat' dir='ltr'><strong>Commen-</strong></span> 
     </span>
    </p>
   </div>
   <div class='ocr_carea' id='block_1_12' title="bbox 109 605 895 637">
    <p class='ocr_par' dir='ltr' id='par_1_12' title="bbox 109 605 895 637">
     <span class='ocr_line' id='line_1_12' title="bbox 109 605 895 637; baseline 0 -4"><span class='ocrx_word' id='word_1_74' title='bbox 109 607 177 633; x_wconf 73' lang='lat' dir='ltr'><strong>tario</strong></span> <span class='ocrx_word' id='word_1_75' title='bbox 192 606 226 632; x_wconf 84' lang='lat' dir='ltr'><strong>ad</strong></span> <span class='ocrx_word' id='word_1_76' title='bbox 244 606 384 635; x_wconf 79' lang='lat' dir='ltr'><strong>Dextrum.</strong></span> <span class='ocrx_word' id='word_1_77' title='bbox 402 613 474 632; x_wconf 90' lang='lat' dir='ltr'><strong>anno</strong></span> <span class='ocrx_word' id='word_1_78' title='bbox 489 605 592 632; x_wconf 86' lang='lat' dir='ltr'><strong>Christi</strong></span> <span class='ocrx_word' id='word_1_79' title='bbox 610 605 671 637; x_wconf 80' lang='grc'><strong>150,</strong></span> <span class='ocrx_word' id='word_1_80' title='bbox 687 610 713 632; x_wconf 89' lang='lat' dir='ltr'><strong>et</strong></span> <span class='ocrx_word' id='word_1_81' title='bbox 734 606 790 633; x_wconf 91' lang='lat' dir='ltr'><strong>alii.</strong></span> <span class='ocrx_word' id='word_1_82' title='bbox 808 605 895 633; x_wconf 84' lang='lat' dir='ltr'><strong>Verba</strong></span> 
     </span>
    </p>
   </div>
   <div class='ocr_carea' id='block_1_13' title="bbox 108 641 893 675">
    <p class='ocr_par' dir='ltr' id='par_1_13' title="bbox 108 641 893 675">
     <span class='ocr_line' id='line_1_13' title="bbox 108 641 893 675; baseline 0 -7"><span class='ocrx_word' id='word_1_83' title='bbox 108 641 219 669; x_wconf 57' lang='lat' dir='ltr'><strong>Thoma‘.</strong></span> <span class='ocrx_word' id='word_1_84' title='bbox 230 646 311 669; x_wconf 88' lang='lat' dir='ltr'><strong>sunt:</strong></span> <span class='ocrx_word' id='word_1_85' title='bbox 327 641 380 668; x_wconf 78' lang='lat' dir='ltr'><strong>Ilbi</strong></span> <span class='ocrx_word' id='word_1_86' title='bbox 392 648 457 675; x_wconf 77' lang='lat' dir='ltr'><strong>ergo</strong></span> <span class='ocrx_word' id='word_1_87' title='bbox 473 641 573 667; x_wconf 88' lang='lat' dir='ltr'><strong>mansit</strong></span> <span class='ocrx_word' id='word_1_88' title='bbox 587 648 635 675; x_wconf 87' lang='lat' dir='ltr'><strong>per</strong></span> <span class='ocrx_word' id='word_1_89' title='bbox 650 641 783 668; x_wconf 88' lang='lat' dir='ltr'><strong>ducentos</strong></span> <span class='ocrx_word' id='word_1_90' title='bbox 795 649 893 672; x_wconf 87' lang='lat' dir='ltr'><strong>annos,</strong></span> 
     </span>
    </p>
   </div>
   <div class='ocr_carea' id='block_1_14' title="bbox 107 676 895 711">
    <p class='ocr_par' dir='ltr' id='par_1_14' title="bbox 107 676 895 711">
     <span class='ocr_line' id='line_1_14' title="bbox 107 676 895 711; baseline -0.001 -7"><span class='ocrx_word' id='word_1_91' title='bbox 107 677 194 704; x_wconf 88' lang='lat' dir='ltr'><strong>donec</strong></span> <span class='ocrx_word' id='word_1_92' title='bbox 207 677 314 704; x_wconf 85' lang='lat' dir='ltr'><strong>tandem</strong></span> <span class='ocrx_word' id='word_1_93' title='bbox 335 682 456 711; x_wconf 85' lang='lat' dir='ltr'><strong>tempore</strong></span> <span class='ocrx_word' id='word_1_94' title='bbox 475 676 648 702; x_wconf 88' lang='lat' dir='ltr'><strong>Constantini</strong></span> <span class='ocrx_word' id='word_1_95' title='bbox 665 677 838 711; x_wconf 80' lang='lat' dir='ltr'><strong>imperatoris</strong></span> <span class='ocrx_word' id='word_1_96' title='bbox 855 676 895 703; x_wconf 79' lang='lat' dir='ltr'><strong>fa-</strong></span> 
     </span>
    </p>
   </div>
   <div class='ocr_carea' id='block_1_15' title="bbox 108 711 893 746">
    <p class='ocr_par' dir='ltr' id='par_1_15' title="bbox 108 711 893 746">
     <span class='ocr_line' id='line_1_15' title="bbox 108 711 893 746; baseline -0.003 -7"><span class='ocrx_word' id='word_1_97' title='bbox 108 717 150 740; x_wconf 89' lang='lat' dir='ltr'><strong>cta</strong></span> <span class='ocrx_word' id='word_1_98' title='bbox 167 712 217 740; x_wconf 78' lang='lat' dir='ltr'><strong>fuit</strong></span> <span class='ocrx_word' id='word_1_99' title='bbox 235 712 365 740; x_wconf 83' lang='lat' dir='ltr'><strong>revelatio</strong></span> <span class='ocrx_word' id='word_1_100' title='bbox 383 711 541 739; x_wconf 74' lang='lat' dir='ltr'><strong>Christiano</strong></span> <span class='ocrx_word' id='word_1_101' title='bbox 563 711 672 738; x_wconf 82' lang='lat' dir='ltr'><strong>cuidam</strong></span> <span class='ocrx_word' id='word_1_102' title='bbox 692 711 794 746; x_wconf 82' lang='lat' dir='ltr'><strong>equiti;</strong></span> <span class='ocrx_word' id='word_1_103' title='bbox 811 719 893 738; x_wconf 86' lang='lat' dir='ltr'><strong>voca-</strong></span> 
     </span>
    </p>
   </div>
   <div class='ocr_carea' id='block_1_16' title="bbox 107 746 894 779">
    <p class='ocr_par' dir='ltr' id='par_1_16' title="bbox 107 746 894 779">
     <span class='ocr_line' id='line_1_16' title="bbox 107 746 894 779; baseline -0.001 -4"><span class='ocrx_word' id='word_1_104' title='bbox 107 748 189 775; x_wconf 92' lang='lat' dir='ltr'><strong>batur</strong></span> <span class='ocrx_word' id='word_1_105' title='bbox 210 747 372 779; x_wconf 83' lang='lat' dir='ltr'><strong>Ilercoldus,</strong></span> <span class='ocrx_word' id='word_1_106' title='bbox 393 753 447 774; x_wconf 88' lang='lat' dir='ltr'><strong>etc.</strong></span> <span class='ocrx_word' id='word_1_107' title='bbox 462 756 472 772; x_wconf 87' lang='grc'><strong>›</strong></span> <span class='ocrx_word' id='word_1_108' title='bbox 490 746 590 773; x_wconf 86' lang='lat' dir='ltr'><strong>Bivarii</strong></span> <span class='ocrx_word' id='word_1_109' title='bbox 606 751 714 773; x_wconf 86' lang='lat' dir='ltr'><strong>autem:</strong></span> <span class='ocrx_word' id='word_1_110' title='bbox 731 756 740 771; x_wconf 75' lang='grc' dir='ltr'>ι</span> <span class='ocrx_word' id='word_1_111' title='bbox 751 746 894 779; x_wconf 81' lang='lat' dir='ltr'><strong>Quomodo</strong></span> 
     </span>
    </p>
   </div>
   <div class='ocr_carea' id='block_1_17' title="bbox 106 781 896 818">
    <p class='ocr_par' dir='ltr' id='par_1_17' title="bbox 106 781 896 818">
     <span class='ocr_line' id='line_1_17' title="bbox 106 781 896 818; baseline 0 -8"><span class='ocrx_word' id='word_1_112' title='bbox 106 782 208 810; x_wconf 85' lang='lat' dir='ltr'><strong>Gallias</strong></span> <span class='ocrx_word' id='word_1_113' title='bbox 224 783 338 811; x_wconf 82' lang='lat' dir='ltr'><strong>tendens</strong></span> <span class='ocrx_word' id='word_1_114' title='bbox 350 782 475 818; x_wconf 81' lang='lat' dir='ltr'><strong>martyrii</strong></span> <span class='ocrx_word' id='word_1_115' title='bbox 488 782 609 818; x_wconf 82' lang='lat' dir='ltr'><strong>lauream</strong></span> <span class='ocrx_word' id='word_1_116' title='bbox 626 781 755 817; x_wconf 84' lang='lat' dir='ltr'><strong>adeptus,</strong></span> <span class='ocrx_word' id='word_1_117' title='bbox 773 790 804 809; x_wconf 88' lang='lat' dir='ltr'><strong>ac</strong></span> <span class='ocrx_word' id='word_1_118' title='bbox 815 782 896 818; x_wconf 68' lang='lat' dir='ltr'><strong>inla-</strong></span> 
     </span>
    </p>
   </div>
   <div class='ocr_carea' id='block_1_18' title="bbox 106 817 894 852">
    <p class='ocr_par' dir='ltr' id='par_1_18' title="bbox 106 817 894 852">
     <span class='ocr_line' id='line_1_18' title="bbox 106 817 894 852; baseline -0.003 -6"><span class='ocrx_word' id='word_1_119' title='bbox 106 825 169 846; x_wconf 89' lang='lat' dir='ltr'><strong>cum</strong></span> <span class='ocrx_word' id='word_1_120' title='bbox 186 818 348 846; x_wconf 81' lang='lat' dir='ltr'><strong>Marcasium</strong></span> <span class='ocrx_word' id='word_1_121' title='bbox 366 817 499 852; x_wconf 75' lang='lat' dir='ltr'><strong>injeCtus,</strong></span> <span class='ocrx_word' id='word_1_122' title='bbox 517 821 543 844; x_wconf 89' lang='lat' dir='ltr'><strong>et</strong></span> <span class='ocrx_word' id='word_1_123' title='bbox 558 817 621 844; x_wconf 89' lang='lat' dir='ltr'><strong>inde</strong></span> <span class='ocrx_word' id='word_1_124' title='bbox 638 817 803 844; x_wconf 88' lang='lat' dir='ltr'><strong>revelatione</strong></span> <span class='ocrx_word' id='word_1_125' title='bbox 826 817 894 845; x_wconf 89' lang='lat' dir='ltr'><strong>Her—</strong></span> 
     </span>
    </p>
   </div>
   <div class='ocr_carea' id='block_1_19' title="bbox 106 852 893 887">
    <p class='ocr_par' dir='ltr' id='par_1_19' title="bbox 106 852 893 887">
     <span class='ocr_line' id='line_1_19' title="bbox 106 852 893 887; baseline -0.001 -6"><span class='ocrx_word' id='word_1_126' title='bbox 106 853 186 881; x_wconf 83' lang='lat' dir='ltr'><strong>coldo</strong></span> <span class='ocrx_word' id='word_1_127' title='bbox 211 854 295 881; x_wconf 87' lang='lat' dir='ltr'><strong>nobili</strong></span> <span class='ocrx_word' id='word_1_128' title='bbox 312 853 371 880; x_wconf 91' lang='lat' dir='ltr'><strong>viro</strong></span> <span class='ocrx_word' id='word_1_129' title='bbox 394 862 408 879; x_wconf 91' lang='lat' dir='ltr'><strong>a</strong></span> <span class='ocrx_word' id='word_1_130' title='bbox 436 852 464 880; x_wconf 92' lang='lat' dir='ltr'><strong>S.</strong></span> <span class='ocrx_word' id='word_1_131' title='bbox 492 852 735 887; x_wconf 80' lang='lat' dir='ltr'><strong>Dionysio-facta,</strong></span> <span class='ocrx_word' id='word_1_132' title='bbox 761 853 893 887; x_wconf 60' lang='lat' dir='ltr'><strong>praeclaro</strong></span> 
     </span>
    </p>
   </div>
   <div class='ocr_carea' id='block_1_20' title="bbox 106 888 893 924">
    <p class='ocr_par' dir='ltr' id='par_1_20' title="bbox 106 888 893 924">
     <span class='ocr_line' id='line_1_20' title="bbox 106 888 893 924; baseline -0.001 -8"><span class='ocrx_word' id='word_1_133' title='bbox 106 889 185 924; x_wconf 78' lang='lat' dir='ltr'><strong>signo</strong></span> <span class='ocrx_word' id='word_1_134' title='bbox 199 889 325 916; x_wconf 80' lang='lat' dir='ltr'><strong>sanitatis</strong></span> <span class='ocrx_word' id='word_1_135' title='bbox 342 888 505 915; x_wconf 83' lang='lat' dir='ltr'><strong>miraculose</strong></span> <span class='ocrx_word' id='word_1_136' title='bbox 526 888 578 922; x_wconf 87' lang='lat' dir='ltr'><strong>ipsi</strong></span> <span class='ocrx_word' id='word_1_137' title='bbox 594 888 749 924; x_wconf 69' lang='lat' dir='ltr'><strong>impertitie,</strong></span> <span class='ocrx_word' id='word_1_138' title='bbox 766 893 827 924; x_wconf 80' lang='lat' dir='ltr'><strong>post</strong></span> <span class='ocrx_word' id='word_1_139' title='bbox 842 888 893 915; x_wconf 92' lang='lat' dir='ltr'><strong>du-</strong></span> 
     </span>
    </p>
   </div>
   <div class='ocr_carea' id='block_1_21' title="bbox 620 192 1263 227">
    <p class='ocr_par' dir='ltr' id='par_1_21' title="bbox 620 192 1263 227">
     <span class='ocr_line' id='line_1_21' title="bbox 620 192 1263 227; baseline 0.005 -7"><span class='ocrx_word' id='word_1_140' title='bbox 620 193 710 227; x_wconf 85' lang='lat' dir='ltr'><strong>VlTA,</strong></span> <span class='ocrx_word' id='word_1_141' title='bbox 729 193 833 222; x_wconf 81' lang='lat' dir='ltr'><strong>AUCT.</strong></span> <span class='ocrx_word' id='word_1_142' title='bbox 851 193 881 221; x_wconf 86' lang='lat' dir='ltr'><strong>P.</strong></span> <span class='ocrx_word' id='word_1_143' title='bbox 901 192 1051 220; x_wconf 78' lang='lat' dir='ltr'><strong>llALLOlX</strong></span> <span class='ocrx_word' id='word_1_144' title='bbox 1073 193 1148 221; x_wconf 79' lang='lat' dir='ltr'><strong>SOC.</strong></span> <span class='ocrx_word' id='word_1_145' title='bbox 1168 193 1263 223; x_wconf 81' lang='lat' dir='ltr'><strong>JESU.</strong></span> 
     </span>
    </p>
   </div>
   <div class='ocr_carea' id='block_1_22' title="bbox 822 253 1739 289">
    <p class='ocr_par' dir='ltr' id='par_1_22' title="bbox 822 253 1739 289">
     <span class='ocr_line' id='line_1_22' title="bbox 822 253 1739 289; baseline 0.001 -8"><span class='ocrx_word' id='word_1_146' title='bbox 822 263 831 280; x_wconf 75' lang='grc' dir='ltr'>ι</span> <span class='ocrx_word' id='word_1_147' title='bbox 845 253 897 286; x_wconf 85' lang='lat' dir='ltr'><strong>Qui</strong></span> <span class='ocrx_word' id='word_1_148' title='bbox 911 255 935 285; x_wconf 72' lang='grc' dir='ltr'><strong>Α</strong></span> <span class='ocrx_word' id='word_1_149' title='bbox 947 254 1097 288; x_wconf 79' lang='lat' dir='ltr'><strong>episcopus.</strong></span> <span class='ocrx_word' id='word_1_150' title='bbox 1115 253 1163 280; x_wconf 84' lang='lat' dir='ltr'><strong>llic</strong></span> <span class='ocrx_word' id='word_1_151' title='bbox 1179 253 1230 281; x_wconf 81' lang='lat' dir='ltr'><strong>fuit</strong></span> <span class='ocrx_word' id='word_1_152' title='bbox 1244 255 1270 281; x_wconf 89' lang='lat' dir='ltr'><strong>in</strong></span> <span class='ocrx_word' id='word_1_153' title='bbox 1284 253 1476 289; x_wconf 86' lang='lat' dir='ltr'><strong>episcoporum</strong></span> <span class='ocrx_word' id='word_1_154' title='bbox 1489 253 1682 282; x_wconf 76' lang='lat' dir='ltr'><strong>Loodieusium</strong></span> <span class='ocrx_word' id='word_1_155' title='bbox 1695 263 1739 282; x_wconf 88' lang='lat' dir='ltr'><strong>sc-</strong></span> 
     </span>
    </p>
   </div>
   <div class='ocr_carea' id='block_1_23' title="bbox 1686 196 1737 224">
    <p class='ocr_par' dir='ltr' id='par_1_23' title="bbox 1686 196 1737 224">
     <span class='ocr_line' id='line_1_23' title="bbox 1686 196 1737 224; baseline 0 0"><span class='ocrx_word' id='word_1_156' title='bbox 1686 196 1737 224; x_wconf 66' lang='lat' dir='ltr'><strong>3M</strong></span> 
     </span>
    </p>
   </div>
   <div class='ocr_carea' id='block_1_24' title="bbox 948 289 1739 324">
    <p class='ocr_par' dir='ltr' id='par_1_24' title="bbox 948 289 1739 324">
     <span class='ocr_line' id='line_1_24' title="bbox 948 289 1739 324; baseline 0.001 -9"><span class='ocrx_word' id='word_1_157' title='bbox 948 290 989 315; x_wconf 84' lang='lat' dir='ltr'><strong>rie</strong></span> <span class='ocrx_word' id='word_1_158' title='bbox 1007 289 1165 324; x_wconf 80' lang='lat' dir='ltr'><strong>trigesimus</strong></span> <span class='ocrx_word' id='word_1_159' title='bbox 1185 297 1291 318; x_wconf 79' lang='lat' dir='ltr'><strong>nonus.</strong></span> <span class='ocrx_word' id='word_1_160' title='bbox 1324 289 1438 323; x_wconf 86' lang='lat' dir='ltr'><strong>iniitque</strong></span> <span class='ocrx_word' id='word_1_161' title='bbox 1462 290 1649 323; x_wconf 83' lang='lat' dir='ltr'><strong>pontilicatum</strong></span> <span class='ocrx_word' id='word_1_162' title='bbox 1666 298 1739 317; x_wconf 89' lang='lat' dir='ltr'><strong>anno</strong></span> 
     </span>
    </p>
   </div>
   <div class='ocr_carea' id='block_1_25' title="bbox 948 324 1738 359">
    <p class='ocr_par' dir='ltr' id='par_1_25' title="bbox 948 324 1738 359">
     <span class='ocr_line' id='line_1_25' title="bbox 948 324 1738 359; baseline 0.003 -9"><span class='ocrx_word' id='word_1_163' title='bbox 948 324 1050 350; x_wconf 86' lang='lat' dir='ltr'><strong>Christi</strong></span> <span class='ocrx_word' id='word_1_164' title='bbox 1067 324 1130 353; x_wconf 81' lang='grc'><strong>905,</strong></span> <span class='ocrx_word' id='word_1_165' title='bbox 1147 324 1198 351; x_wconf 73' lang='grc' dir='ltr'><strong>Ιιῡυ</strong></span> <span class='ocrx_word' id='word_1_166' title='bbox 1209 329 1261 356; x_wconf 80' lang='lat' dir='ltr'><strong>est,</strong></span> <span class='ocrx_word' id='word_1_167' title='bbox 1280 324 1357 350; x_wconf 88' lang='lat' dir='ltr'><strong>initio</strong></span> <span class='ocrx_word' id='word_1_168' title='bbox 1372 325 1464 351; x_wconf 64' lang='lat' dir='ltr'><strong>saeculi</strong></span> <span class='ocrx_word' id='word_1_169' title='bbox 1482 325 1591 352; x_wconf 83' lang='lat' dir='ltr'><strong>decimi.</strong></span> <span class='ocrx_word' id='word_1_170' title='bbox 1605 325 1643 351; x_wconf 80' lang='lat' dir='ltr'><strong>Ad</strong></span> <span class='ocrx_word' id='word_1_171' title='bbox 1656 333 1738 359; x_wconf 86' lang='lat' dir='ltr'><strong>quem</strong></span> 
     </span>
    </p>
   </div>
   <div class='ocr_carea' id='block_1_26' title="bbox 948 358 1739 393">
    <p class='ocr_par' dir='ltr' id='par_1_26' title="bbox 948 358 1739 393">
     <span class='ocr_line' id='line_1_26' title="bbox 948 358 1739 393; baseline 0.003 -8"><span class='ocrx_word' id='word_1_172' title='bbox 948 366 1049 385; x_wconf 88' lang='lat' dir='ltr'><strong>annum</strong></span> <span class='ocrx_word' id='word_1_173' title='bbox 1066 359 1104 385; x_wconf 87' lang='lat' dir='ltr'><strong>ita</strong></span> <span class='ocrx_word' id='word_1_174' title='bbox 1118 358 1277 393; x_wconf 75' lang='lat' dir='ltr'><strong>Sigebertus</strong></span> <span class='ocrx_word' id='word_1_175' title='bbox 1289 359 1315 386; x_wconf 91' lang='lat' dir='ltr'><strong>in</strong></span> <span class='ocrx_word' id='word_1_176' title='bbox 1327 360 1464 386; x_wconf 82' lang='lat' dir='ltr'><strong>Chronico</strong></span> <span class='ocrx_word' id='word_1_177' title='bbox 1477 370 1482 386; x_wconf 78' lang='lat'><em>2</em></span> <span class='ocrx_word' id='word_1_178' title='bbox 1501 370 1508 385; x_wconf 75' lang='grc' dir='ltr'>ι</span> <span class='ocrx_word' id='word_1_179' title='bbox 1522 358 1739 387; x_wconf 26' lang='grc' dir='ltr'><strong>Ει-θιιουιιυίιιοο-</strong></span> 
     </span>
    </p>
   </div>
   <div class='ocr_carea' id='block_1_27' title="bbox 947 394 1739 430">
    <p class='ocr_par' dir='ltr' id='par_1_27' title="bbox 947 394 1739 430">
     <span class='ocr_line' id='line_1_27' title="bbox 947 394 1739 430; baseline 0.003 -10"><span class='ocrx_word' id='word_1_180' title='bbox 947 394 1083 421; x_wconf 87' lang='lat' dir='ltr'><strong>diensium</strong></span> <span class='ocrx_word' id='word_1_181' title='bbox 1110 402 1239 429; x_wconf 80' lang='lat' dir='ltr'><strong>episcopo</strong></span> <span class='ocrx_word' id='word_1_182' title='bbox 1261 399 1386 425; x_wconf 86' lang='lat' dir='ltr'><strong>mortuo,</strong></span> <span class='ocrx_word' id='word_1_183' title='bbox 1408 394 1565 429; x_wconf 81' lang='lat' dir='ltr'><strong>Stephanus</strong></span> <span class='ocrx_word' id='word_1_184' title='bbox 1591 396 1739 430; x_wconf 82' lang='lat' dir='ltr'><strong>episcopus</strong></span> 
     </span>
    </p>
   </div>
   <div class='ocr_carea' id='block_1_28' title="bbox 947 429 1739 465">
    <p class='ocr_par' dir='ltr' id='par_1_28' title="bbox 947 429 1739 465">
     <span class='ocr_line' id='line_1_28' title="bbox 947 429 1739 465; baseline 0.003 -10"><span class='ocrx_word' id='word_1_185' title='bbox 947 429 1123 464; x_wconf 76' lang='lat' dir='ltr'><strong>subrogatur,</strong></span> <span class='ocrx_word' id='word_1_186' title='bbox 1136 431 1179 456; x_wconf 87' lang='lat' dir='ltr'><strong>vir</strong></span> <span class='ocrx_word' id='word_1_187' title='bbox 1191 430 1335 456; x_wconf 86' lang='lat' dir='ltr'><strong>sanctilate</strong></span> <span class='ocrx_word' id='word_1_188' title='bbox 1351 435 1377 456; x_wconf 89' lang='lat' dir='ltr'><strong>et</strong></span> <span class='ocrx_word' id='word_1_189' title='bbox 1390 431 1505 457; x_wconf 86' lang='lat' dir='ltr'><strong>scientia</strong></span> <span class='ocrx_word' id='word_1_190' title='bbox 1518 429 1620 461; x_wconf 68' lang='lat' dir='ltr'><strong>clarus,</strong></span> <span class='ocrx_word' id='word_1_191' title='bbox 1632 429 1739 465; x_wconf 28' lang='lat' dir='ltr'><strong>qui’vi-</strong></span> 
     </span>
    </p>
   </div>
   <div class='ocr_carea' id='block_1_29' title="bbox 946 465 1739 500">
    <p class='ocr_par' dir='ltr' id='par_1_29' title="bbox 946 465 1739 500">
     <span class='ocr_line' id='line_1_29' title="bbox 946 465 1739 500; baseline 0.004 -10"><span class='ocrx_word' id='word_1_192' title='bbox 946 467 1002 490; x_wconf 89' lang='lat' dir='ltr'><strong>tam</strong></span> <span class='ocrx_word' id='word_1_193' title='bbox 1014 470 1040 491; x_wconf 88' lang='lat' dir='ltr'><strong>et</strong></span> <span class='ocrx_word' id='word_1_194' title='bbox 1055 465 1210 498; x_wconf 86' lang='lat' dir='ltr'><strong>passionem</strong></span> <span class='ocrx_word' id='word_1_195' title='bbox 1223 465 1252 491; x_wconf 86' lang='lat' dir='ltr'><strong>S.</strong></span> <span class='ocrx_word' id='word_1_196' title='bbox 1266 465 1404 492; x_wconf 85' lang='lat' dir='ltr'><strong>Latnherti</strong></span> <span class='ocrx_word' id='word_1_197' title='bbox 1418 466 1544 500; x_wconf 85' lang='lat' dir='ltr'><strong>iuartyris</strong></span> <span class='ocrx_word' id='word_1_198' title='bbox 1557 467 1590 492; x_wconf 86' lang='lat' dir='ltr'><strong>ad</strong></span> <span class='ocrx_word' id='word_1_199' title='bbox 1607 466 1739 493; x_wconf 77' lang='lat' dir='ltr'><strong>Herntan-</strong></span> 
     </span>
    </p>
   </div>
   <div class='ocr_carea' id='block_1_30' title="bbox 947 500 1738 536">
    <p class='ocr_par' dir='ltr' id='par_1_30' title="bbox 947 500 1738 536">
     <span class='ocr_line' id='line_1_30' title="bbox 947 500 1738 536; baseline 0.004 -11"><span class='ocrx_word' id='word_1_200' title='bbox 947 507 1012 525; x_wconf 92' lang='lat' dir='ltr'><strong>num</strong></span> <span class='ocrx_word' id='word_1_201' title='bbox 1026 500 1263 534; x_wconf 82' lang='lat' dir='ltr'><strong>archiepiscopum</strong></span> <span class='ocrx_word' id='word_1_202' title='bbox 1281 501 1412 536; x_wconf 73' lang='lat' dir='ltr'><strong>urbanius</strong></span> <span class='ocrx_word' id='word_1_203' title='bbox 1424 501 1519 527; x_wconf 84' lang='lat' dir='ltr'><strong>edidit.</strong></span> <span class='ocrx_word' id='word_1_204' title='bbox 1537 501 1653 528; x_wconf 88' lang='lat' dir='ltr'><strong>Cautum</strong></span> <span class='ocrx_word' id='word_1_205' title='bbox 1669 509 1738 536; x_wconf 93' lang='lat' dir='ltr'><strong>quo-</strong></span> 
     </span>
    </p>
   </div>
   <div class='ocr_carea' id='block_1_31' title="bbox 947 535 1738 570">
    <p class='ocr_par' dir='ltr' id='par_1_31' title="bbox 947 535 1738 570">
     <span class='ocr_line' id='line_1_31' title="bbox 947 535 1738 570; baseline 0.005 -10"><span class='ocrx_word' id='word_1_206' title='bbox 947 542 1000 568; x_wconf 88' lang='lat' dir='ltr'><strong>que</strong></span> <span class='ocrx_word' id='word_1_207' title='bbox 1023 539 1186 570; x_wconf 86' lang='lat' dir='ltr'><strong>nocturnum</strong></span> <span class='ocrx_word' id='word_1_208' title='bbox 1204 535 1237 562; x_wconf 86' lang='lat' dir='ltr'><strong>de</strong></span> <span class='ocrx_word' id='word_1_209' title='bbox 1250 535 1344 562; x_wconf 82' lang='lat' dir='ltr'><strong>eodem</strong></span> <span class='ocrx_word' id='word_1_210' title='bbox 1368 540 1502 570; x_wconf 84' lang='lat' dir='ltr'><strong>martyre,</strong></span> <span class='ocrx_word' id='word_1_211' title='bbox 1518 535 1685 570; x_wconf 77' lang='lat' dir='ltr'><strong>cantumque</strong></span> <span class='ocrx_word' id='word_1_212' title='bbox 1704 536 1738 564; x_wconf 82' lang='lat' dir='ltr'><strong>de</strong></span> 
     </span>
    </p>
   </div>
   <div class='ocr_carea' id='block_1_32' title="bbox 947 569 1738 606">
    <p class='ocr_par' dir='ltr' id='par_1_32' title="bbox 947 569 1738 606">
     <span class='ocr_line' id='line_1_32' title="bbox 947 569 1738 606; baseline 0.004 -10"><span class='ocrx_word' id='word_1_213' title='bbox 947 574 1042 597; x_wconf 88' lang='lat' dir='ltr'><strong>sancta</strong></span> <span class='ocrx_word' id='word_1_214' title='bbox 1056 569 1190 606; x_wconf 84' lang='lat' dir='ltr'><strong>Trinitate</strong></span> <span class='ocrx_word' id='word_1_215' title='bbox 1201 590 1208 602; x_wconf 91' lang='lat'><strong>,</strong></span> <span class='ocrx_word' id='word_1_216' title='bbox 1225 574 1251 597; x_wconf 90' lang='lat' dir='ltr'><strong>ct</strong></span> <span class='ocrx_word' id='word_1_217' title='bbox 1267 571 1300 597; x_wconf 85' lang='lat' dir='ltr'><strong>de</strong></span> <span class='ocrx_word' id='word_1_218' title='bbox 1318 569 1475 598; x_wconf 78' lang='lat' dir='ltr'><strong>inventione</strong></span> <span class='ocrx_word' id='word_1_219' title='bbox 1495 570 1626 606; x_wconf 79' lang='lat' dir='ltr'><strong>Stephani</strong></span> <span class='ocrx_word' id='word_1_220' title='bbox 1641 569 1738 606; x_wconf 78' lang='lat' dir='ltr'><strong>proto-</strong></span> 
     </span>
    </p>
   </div>
   <div class='ocr_carea' id='block_1_33' title="bbox 947 605 1738 640">
    <p class='ocr_par' dir='ltr' id='par_1_33' title="bbox 947 605 1738 640">
     <span class='ocr_line' id='line_1_33' title="bbox 947 605 1738 640; baseline 0.004 -9"><span class='ocrx_word' id='word_1_221' title='bbox 947 605 1097 640; x_wconf 83' lang='lat' dir='ltr'><strong>martyris,</strong></span> <span class='ocrx_word' id='word_1_222' title='bbox 1124 605 1198 632; x_wconf 89' lang='lat' dir='ltr'><strong>dulci</strong></span> <span class='ocrx_word' id='word_1_223' title='bbox 1227 609 1256 632; x_wconf 86' lang='lat' dir='ltr'><strong>et</strong></span> <span class='ocrx_word' id='word_1_224' title='bbox 1290 605 1409 640; x_wconf 79' lang='lat' dir='ltr'><strong>regulari</strong></span> <span class='ocrx_word' id='word_1_225' title='bbox 1444 605 1738 634; x_wconf 29' lang='lat' dir='ltr'><strong>modulatione’com-</strong></span> 
     </span>
    </p>
   </div>
   <div class='ocr_carea' id='block_1_34' title="bbox 945 642 1076 674">
    <p class='ocr_par' dir='ltr' id='par_1_34' title="bbox 945 642 1076 674">
     <span class='ocr_line' id='line_1_34' title="bbox 945 642 1076 674; baseline -0.008 -7"><span class='ocrx_word' id='word_1_226' title='bbox 945 642 1047 674; x_wconf 87' lang='lat' dir='ltr'><strong>posuit.</strong></span> <span class='ocrx_word' id='word_1_227' title='bbox 1066 650 1076 666; x_wconf 73' lang='grc' dir='ltr'><strong><em>ι</em></strong></span> 
     </span>
    </p>
   </div>
   <div class='ocr_carea' id='block_1_35' title="bbox 981 674 1764 710">
    <p class='ocr_par' dir='ltr' id='par_1_35' title="bbox 981 674 1764 710">
     <span class='ocr_line' id='line_1_35' title="bbox 981 674 1764 710; baseline 0.003 -9"><span class='ocrx_word' id='word_1_228' title='bbox 981 674 1020 702; x_wconf 91' lang='lat' dir='ltr'><strong>De</strong></span> <span class='ocrx_word' id='word_1_229' title='bbox 1043 675 1177 702; x_wconf 85' lang='lat' dir='ltr'><strong>miraculo</strong></span> <span class='ocrx_word' id='word_1_230' title='bbox 1205 675 1234 704; x_wconf 90' lang='lat' dir='ltr'><strong>S.</strong></span> <span class='ocrx_word' id='word_1_231' title='bbox 1254 675 1367 710; x_wconf 81' lang='lat' dir='ltr'><strong>Eugenii</strong></span> <span class='ocrx_word' id='word_1_232' title='bbox 1394 676 1421 703; x_wconf 93' lang='lat' dir='ltr'><strong>in</strong></span> <span class='ocrx_word' id='word_1_233' title='bbox 1444 676 1586 703; x_wconf 86' lang='lat' dir='ltr'><strong>curatione</strong></span> <span class='ocrx_word' id='word_1_234' title='bbox 1613 677 1738 710; x_wconf 86' lang='lat' dir='ltr'><strong>ejusdem</strong></span> <span class='ocrx_word' id='word_1_235' title='bbox 1759 686 1764 692; x_wconf 82' lang='lat'><strong><em>-</em></strong></span> 
     </span>
    </p>
   </div>
   <div class='ocr_carea' id='block_1_36' title="bbox 945 698 1739 770">
    <p class='ocr_par' dir='ltr' id='par_1_36' title="bbox 945 698 1739 770">
     <span class='ocr_line' id='line_1_36' title="bbox 945 698 1739 770; baseline 0.004 -34"><span class='ocrx_word' id='word_1_236' title='bbox 945 698 1089 770; x_wconf 51' lang='grc' dir='ltr'><strong>ῗιέιῆιεὶἱίῖ</strong></span> <span class='ocrx_word' id='word_1_237' title='bbox 1098 698 1244 746; x_wconf 58' lang='grc' dir='ltr'><strong>ἓᾘίὲὶοιῖ,</strong></span> <span class='ocrx_word' id='word_1_238' title='bbox 1255 698 1488 747; x_wconf 49' lang='lat' dir='ltr'><strong>maiestas</strong></span> <span class='ocrx_word' id='word_1_239' title='bbox 1496 698 1586 739; x_wconf 62' lang='grc' dir='ltr'><em>Ἷὸῖτὶῗ</em></span> <span class='ocrx_word' id='word_1_240' title='bbox 1593 698 1739 747; x_wconf 57' lang='grc' dir='ltr'><strong>εὖῷἶιῖῖέἱέ</strong></span> 
     </span>
     <span class='ocr_line' id='line_1_37' title="bbox 958 752 1011 770; baseline 0 0"><span class='ocrx_word' id='word_1_241' title='bbox 958 752 972 770; x_wconf 73' lang='lat' dir='ltr'><strong>:l</strong></span> <span class='ocrx_word' id='word_1_242' title='bbox 985 753 1011 770; x_wconf 85' lang='grc'><strong>0.</strong></span> 
     </span>
    </p>
   </div>
   <div class='ocr_carea' id='block_1_37' title="bbox 958 749 1011 772">
    <p class='ocr_par' dir='ltr' id='par_1_37' title="bbox 958 749 1011 772">
     <span class='ocr_line' id='line_1_38' title="bbox 958 749 1011 772; baseline 0.038 -2"><span class='ocrx_word' id='word_1_243' title='bbox 958 749 1011 772; x_wconf 71' lang='grc' dir='ltr'><strong>ειιο.</strong></span> 
     </span>
    </p>
   </div>
   <div class='ocr_carea' id='block_1_38' title="bbox 981 780 1738 815">
    <p class='ocr_par' dir='ltr' id='par_1_38' title="bbox 981 780 1738 815">
     <span class='ocr_line' id='line_1_39' title="bbox 981 780 1738 815; baseline 0.005 -9"><span class='ocrx_word' id='word_1_244' title='bbox 981 780 1136 807; x_wconf 80' lang='lat' dir='ltr'><strong>Notandum</strong></span> <span class='ocrx_word' id='word_1_245' title='bbox 1161 789 1244 815; x_wconf 87' lang='lat' dir='ltr'><strong>porro</strong></span> <span class='ocrx_word' id='word_1_246' title='bbox 1267 782 1293 808; x_wconf 95' lang='lat' dir='ltr'><strong>in</strong></span> <span class='ocrx_word' id='word_1_247' title='bbox 1316 782 1367 809; x_wconf 85' lang='lat' dir='ltr'><strong>hac</strong></span> <span class='ocrx_word' id='word_1_248' title='bbox 1391 782 1590 814; x_wconf 82' lang='lat' dir='ltr'><strong>translatione,</strong></span> <span class='ocrx_word' id='word_1_249' title='bbox 1617 783 1680 810; x_wconf 88' lang='lat' dir='ltr'><strong>licet</strong></span> <span class='ocrx_word' id='word_1_250' title='bbox 1702 783 1738 810; x_wconf 87' lang='lat' dir='ltr'><strong>ab</strong></span> 
     </span>
    </p>
   </div>
   <div class='ocr_carea' id='block_1_39' title="bbox 945 814 1737 852">
    <p class='ocr_par' dir='ltr' id='par_1_39' title="bbox 945 814 1737 852">
     <span class='ocr_line' id='line_1_40' title="bbox 945 814 1737 852; baseline 0.005 -11"><span class='ocrx_word' id='word_1_251' title='bbox 945 814 1055 850; x_wconf 63' lang='lat' dir='ltr'><strong>[Egidio</strong></span> <span class='ocrx_word' id='word_1_252' title='bbox 1071 814 1178 843; x_wconf 79' lang='lat' dir='ltr'><strong>dicatur</strong></span> <span class='ocrx_word' id='word_1_253' title='bbox 1193 825 1294 852; x_wconf 86' lang='lat' dir='ltr'><strong>corpus</strong></span> <span class='ocrx_word' id='word_1_254' title='bbox 1317 817 1490 848; x_wconf 85' lang='lat' dir='ltr'><strong>translatum,</strong></span> <span class='ocrx_word' id='word_1_255' title='bbox 1508 818 1620 845; x_wconf 84' lang='lat' dir='ltr'><strong>minime</strong></span> <span class='ocrx_word' id='word_1_256' title='bbox 1636 819 1737 846; x_wconf 89' lang='lat' dir='ltr'><strong>intelli-</strong></span> 
     </span>
    </p>
   </div>
   <div class='ocr_carea' id='block_1_40' title="bbox 945 851 1737 889">
    <p class='ocr_par' dir='ltr' id='par_1_40' title="bbox 945 851 1737 889">
     <span class='ocr_line' id='line_1_41' title="bbox 945 851 1737 889; baseline 0.005 -12"><span class='ocrx_word' id='word_1_257' title='bbox 945 851 1068 889; x_wconf 77' lang='lat' dir='ltr'><strong>gendum</strong></span> <span class='ocrx_word' id='word_1_258' title='bbox 1078 859 1138 878; x_wconf 85' lang='lat' dir='ltr'><strong>esse</strong></span> <span class='ocrx_word' id='word_1_259' title='bbox 1153 852 1187 878; x_wconf 92' lang='lat' dir='ltr'><strong>de</strong></span> <span class='ocrx_word' id='word_1_260' title='bbox 1200 856 1256 889; x_wconf 87' lang='lat' dir='ltr'><strong>toto</strong></span> <span class='ocrx_word' id='word_1_261' title='bbox 1273 860 1403 889; x_wconf 86' lang='lat' dir='ltr'><strong>eo_rpore,</strong></span> <span class='ocrx_word' id='word_1_262' title='bbox 1426 853 1472 889; x_wconf 80' lang='lat' dir='ltr'><strong>sed</strong></span> <span class='ocrx_word' id='word_1_263' title='bbox 1494 857 1602 889; x_wconf 79' lang='lat' dir='ltr'><strong>tantum</strong></span> <span class='ocrx_word' id='word_1_264' title='bbox 1622 854 1656 880; x_wconf 88' lang='lat' dir='ltr'><strong>de</strong></span> <span class='ocrx_word' id='word_1_265' title='bbox 1674 861 1737 889; x_wconf 87' lang='lat' dir='ltr'><strong>por-</strong></span> 
     </span>
    </p>
   </div>
   <div class='ocr_carea' id='block_1_41' title="bbox 946 886 1737 923">
    <p class='ocr_par' dir='ltr' id='par_1_41' title="bbox 946 886 1737 923">
     <span class='ocr_line' id='line_1_42' title="bbox 946 886 1737 923; baseline 0.004 -11"><span class='ocrx_word' id='word_1_266' title='bbox 946 887 1020 923; x_wconf 80' lang='lat' dir='ltr'><strong>tione</strong></span> <span class='ocrx_word' id='word_1_267' title='bbox 1035 886 1125 923; x_wconf 82' lang='lat' dir='ltr'><strong>aliqua</strong></span> <span class='ocrx_word' id='word_1_268' title='bbox 1142 887 1277 921; x_wconf 88' lang='lat' dir='ltr'><strong>corporis.</strong></span> <span class='ocrx_word' id='word_1_269' title='bbox 1295 886 1342 915; x_wconf 79' lang='lat' dir='ltr'><strong>Est</strong></span> <span class='ocrx_word' id='word_1_270' title='bbox 1354 888 1426 915; x_wconf 91' lang='lat' dir='ltr'><strong>enim</strong></span> <span class='ocrx_word' id='word_1_271' title='bbox 1443 888 1500 914; x_wconf 57' lang='lat' dir='ltr'><strong>haec</strong></span> <span class='ocrx_word' id='word_1_272' title='bbox 1513 886 1737 923; x_wconf 75' lang='lat' dir='ltr'><strong>frequentissima</strong></span> 
     </span>
    </p>
   </div>
   <div class='ocr_carea' id='block_1_42' title="bbox 106 920 1737 962">
    <p class='ocr_par' dir='ltr' id='par_1_42' title="bbox 106 920 1737 962">
     <span class='ocr_line' id='line_1_43' title="bbox 106 920 1737 962; baseline -0.001 -10"><span class='ocrx_word' id='word_1_273' title='bbox 106 920 202 962; x_wconf 42' lang='lat' dir='ltr'><strong>ce‘ntos</strong></span> <span class='ocrx_word' id='word_1_274' title='bbox 221 925 300 962; x_wconf 79' lang='lat' dir='ltr'><strong>aquei</strong></span> <span class='ocrx_word' id='word_1_275' title='bbox 319 924 425 962; x_wconf 70' lang='lat' dir='ltr'><strong>latibuli</strong></span> <span class='ocrx_word' id='word_1_276' title='bbox 439 931 526 950; x_wconf 88' lang='lat' dir='ltr'><strong>annos</strong></span> <span class='ocrx_word' id='word_1_277' title='bbox 536 920 641 962; x_wconf 68' lang='lat' dir='ltr'><strong>recens</strong></span> <span class='ocrx_word' id='word_1_278' title='bbox 652 920 785 962; x_wconf 61' lang='lat' dir='ltr'><strong>eductus,</strong></span> <span class='ocrx_word' id='word_1_279' title='bbox 809 923 893 962; x_wconf 79' lang='lat' dir='ltr'><strong>digno</strong></span> <span class='ocrx_word' id='word_1_280' title='bbox 909 935 930 962; x_wconf 76' lang='grc' dir='ltr'>Β</span> <span class='ocrx_word' id='word_1_281' title='bbox 944 920 1063 962; x_wconf 65' lang='lat' dir='ltr'><strong>(cuntde</strong></span> <span class='ocrx_word' id='word_1_282' title='bbox 1079 920 1291 962; x_wconf 59' lang='lat' dir='ltr'><strong>Sanctisagitur</strong></span> <span class='ocrx_word' id='word_1_283' title='bbox 1305 920 1629 962; x_wconf 70' lang='lat' dir='ltr'><strong>reliquiis_)_synecdoche</strong></span> <span class='ocrx_word' id='word_1_284' title='bbox 1649 925 1737 958; x_wconf 80' lang='lat' dir='ltr'><strong>partis</strong></span> 
     </span>
    </p>
   </div>
   <div class='ocr_carea' id='block_1_43' title="bbox 105 958 894 990">
    <p class='ocr_par' dir='ltr' id='par_1_43' title="bbox 105 958 894 990">
     <span class='ocr_line' id='line_1_44' title="bbox 105 958 894 990; baseline -0.001 -3"><span class='ocrx_word' id='word_1_285' title='bbox 105 959 210 987; x_wconf 86' lang='lat' dir='ltr'><strong>honore</strong></span> <span class='ocrx_word' id='word_1_286' title='bbox 225 958 335 986; x_wconf 79' lang='lat' dir='ltr'><strong>habitus</strong></span> <span class='ocrx_word' id='word_1_287' title='bbox 350 959 443 990; x_wconf 80' lang='lat' dir='ltr'><strong>fuerit,</strong></span> <span class='ocrx_word' id='word_1_288' title='bbox 457 963 510 986; x_wconf 87' lang='lat' dir='ltr'><strong>etc.</strong></span> <span class='ocrx_word' id='word_1_289' title='bbox 526 968 535 984; x_wconf 78' lang='grc' dir='ltr'><strong><em>ι</em></strong></span> <span class='ocrx_word' id='word_1_290' title='bbox 553 958 659 990; x_wconf 81' lang='lat' dir='ltr'><strong>Quibus</strong></span> <span class='ocrx_word' id='word_1_291' title='bbox 675 958 806 986; x_wconf 81' lang='lat' dir='ltr'><strong>accedere</strong></span> <span class='ocrx_word' id='word_1_292' title='bbox 816 959 894 986; x_wconf 87' lang='lat' dir='ltr'><strong>vidc-</strong></span> 
     </span>
    </p>
   </div>
   <div class='ocr_carea' id='block_1_44' title="bbox 104 993 893 1030">
    <p class='ocr_par' dir='ltr' id='par_1_44' title="bbox 104 993 893 1030">
     <span class='ocr_line' id='line_1_45' title="bbox 104 993 893 1030; baseline -0.001 -8"><span class='ocrx_word' id='word_1_293' title='bbox 104 999 151 1023; x_wconf 90' lang='lat' dir='ltr'><strong>tur</strong></span> <span class='ocrx_word' id='word_1_294' title='bbox 164 995 220 1030; x_wconf 88' lang='lat' dir='ltr'><strong>jam</strong></span> <span class='ocrx_word' id='word_1_295' title='bbox 241 999 305 1022; x_wconf 85' lang='lat' dir='ltr'><strong>ante</strong></span> <span class='ocrx_word' id='word_1_296' title='bbox 330 993 616 1030; x_wconf 38' lang='lat' dir='ltr'><strong>laudatusAMat-iana,</strong></span> <span class='ocrx_word' id='word_1_297' title='bbox 633 993 818 1030; x_wconf 22' lang='lat' dir='ltr'><strong>dumiindicat</strong></span> <span class='ocrx_word' id='word_1_298' title='bbox 831 1001 893 1030; x_wconf 86' lang='lat' dir='ltr'><strong>cor-</strong></span> 
     </span>
    </p>
   </div>
   <div class='ocr_carea' id='block_1_45' title="bbox 105 1028 894 1065">
    <p class='ocr_par' dir='ltr' id='par_1_45' title="bbox 105 1028 894 1065">
     <span class='ocr_line' id='line_1_46' title="bbox 105 1028 894 1065; baseline -0.001 -8"><span class='ocrx_word' id='word_1_299' title='bbox 105 1028 309 1065; x_wconf 63' lang='lat' dir='ltr'><strong>pus&#39;repertum</strong></span> <span class='ocrx_word' id='word_1_300' title='bbox 336 1037 414 1060; x_wconf 86' lang='lat' dir='ltr'><strong>esse.</strong></span> <span class='ocrx_word' id='word_1_301' title='bbox 431 1039 440 1054; x_wconf 76' lang='grc' dir='ltr'>ι</span> <span class='ocrx_word' id='word_1_302' title='bbox 453 1028 540 1065; x_wconf 64' lang='lat' dir='ltr'><strong>Gallia</strong></span> <span class='ocrx_word' id='word_1_303' title='bbox 565 1029 674 1065; x_wconf 82' lang='lat' dir='ltr'><strong>demum</strong></span> <span class='ocrx_word' id='word_1_304' title='bbox 689 1029 791 1056; x_wconf 86' lang='lat' dir='ltr'><strong>Christi</strong></span> <span class='ocrx_word' id='word_1_305' title='bbox 807 1029 894 1056; x_wconf 85' lang='lat' dir='ltr'><strong>sacris</strong></span> 
     </span>
    </p>
   </div>
   <div class='ocr_carea' id='block_1_46' title="bbox 104 1063 893 1100">
    <p class='ocr_par' dir='ltr' id='par_1_46' title="bbox 104 1063 893 1100">
     <span class='ocr_line' id='line_1_47' title="bbox 104 1063 893 1100; baseline -0.003 -8"><span class='ocrx_word' id='word_1_306' title='bbox 104 1063 274 1100; x_wconf 72' lang='lat' dir='ltr'><strong>populariter</strong></span> <span class='ocrx_word' id='word_1_307' title='bbox 289 1065 403 1092; x_wconf 83' lang='lat' dir='ltr'><strong>imbuta.</strong></span> <span class='ocrx_word' id='word_1_308' title='bbox 421 1075 429 1090; x_wconf 80' lang='grc' dir='ltr'><strong><em>ι</em></strong></span> <span class='ocrx_word' id='word_1_309' title='bbox 456 1064 512 1091; x_wconf 89' lang='lat' dir='ltr'><strong>lloc</strong></span> <span class='ocrx_word' id='word_1_310' title='bbox 530 1068 621 1100; x_wconf 89' lang='lat' dir='ltr'><strong>autem</strong></span> <span class='ocrx_word' id='word_1_311' title='bbox 642 1063 748 1100; x_wconf 60' lang='lat' dir='ltr'><strong>factum</strong></span> <span class='ocrx_word' id='word_1_312' title='bbox 759 1072 827 1100; x_wconf 87' lang='lat' dir='ltr'><strong>esse</strong></span> <span class='ocrx_word' id='word_1_313' title='bbox 839 1072 893 1091; x_wconf 90' lang='lat' dir='ltr'><strong>non</strong></span> 
     </span>
    </p>
   </div>
   <div class='ocr_carea' id='block_1_47' title="bbox 104 1098 894 1135">
    <p class='ocr_par' dir='ltr' id='par_1_47' title="bbox 104 1098 894 1135">
     <span class='ocr_line' id='line_1_48' title="bbox 104 1098 894 1135; baseline 0.003 -10"><span class='ocrx_word' id='word_1_314' title='bbox 104 1098 214 1128; x_wconf 41' lang='lat' dir='ltr'><strong>uidetur</strong></span> <span class='ocrx_word' id='word_1_315' title='bbox 225 1105 288 1127; x_wconf 89' lang='lat' dir='ltr'><strong>ante</strong></span> <span class='ocrx_word' id='word_1_316' title='bbox 304 1104 425 1135; x_wconf 85' lang='lat' dir='ltr'><strong>tempora</strong></span> <span class='ocrx_word' id='word_1_317' title='bbox 441 1099 627 1127; x_wconf 80' lang='lat' dir='ltr'><strong>Constantini.</strong></span> <span class='ocrx_word' id='word_1_318' title='bbox 641 1098 690 1125; x_wconf 85' lang='lat' dir='ltr'><strong>Hic</strong></span> <span class='ocrx_word' id='word_1_319' title='bbox 700 1099 772 1126; x_wconf 91' lang='lat' dir='ltr'><strong>enim</strong></span> <span class='ocrx_word' id='word_1_320' title='bbox 788 1099 894 1134; x_wconf 86' lang='lat' dir='ltr'><strong>primus</strong></span> 
     </span>
    </p>
   </div>
   <div class='ocr_carea' id='block_1_48' title="bbox 105 1135 894 1170">
    <p class='ocr_par' dir='ltr' id='par_1_48' title="bbox 105 1135 894 1170">
     <span class='ocr_line' id='line_1_49' title="bbox 105 1135 894 1170; baseline 0 -8"><span class='ocrx_word' id='word_1_321' title='bbox 105 1135 179 1166; x_wconf 70' lang='lat' dir='ltr'><strong>fecit,</strong></span> <span class='ocrx_word' id='word_1_322' title='bbox 191 1140 220 1163; x_wconf 93' lang='lat' dir='ltr'><strong>ut</strong></span> <span class='ocrx_word' id='word_1_323' title='bbox 234 1136 284 1162; x_wconf 89' lang='lat' dir='ltr'><strong>toti</strong></span> <span class='ocrx_word' id='word_1_324' title='bbox 301 1136 392 1170; x_wconf 91' lang='lat' dir='ltr'><strong>populi</strong></span> <span class='ocrx_word' id='word_1_325' title='bbox 400 1135 432 1162; x_wconf 90' lang='lat' dir='ltr'><strong>ad</strong></span> <span class='ocrx_word' id='word_1_326' title='bbox 441 1135 795 1166; x_wconf 86' lang='lat' dir='ltr'><strong>Christumconcurrerent,</strong></span> <span class='ocrx_word' id='word_1_327' title='bbox 806 1139 832 1162; x_wconf 90' lang='lat' dir='ltr'><strong>et</strong></span> <span class='ocrx_word' id='word_1_328' title='bbox 845 1143 894 1169; x_wconf 91' lang='lat' dir='ltr'><strong>po-</strong></span> 
     </span>
    </p>
   </div>
   <div class='ocr_carea' id='block_1_49' title="bbox 104 1170 892 1206">
    <p class='ocr_par' dir='ltr' id='par_1_49' title="bbox 104 1170 892 1206">
     <span class='ocr_line' id='line_1_50' title="bbox 104 1170 892 1206; baseline -0.001 -9"><span class='ocrx_word' id='word_1_329' title='bbox 104 1171 238 1206; x_wconf 83' lang='lat' dir='ltr'><strong>pulariter</strong></span> <span class='ocrx_word' id='word_1_330' title='bbox 263 1171 366 1206; x_wconf 78' lang='lat' dir='ltr'><strong>Christi</strong></span> <span class='ocrx_word' id='word_1_331' title='bbox 395 1171 483 1198; x_wconf 89' lang='lat' dir='ltr'><strong>sacris</strong></span> <span class='ocrx_word' id='word_1_332' title='bbox 507 1170 707 1206; x_wconf 57' lang='lat' dir='ltr'><strong>iptbuerentug.</strong></span> <span class='ocrx_word' id='word_1_333' title='bbox 724 1170 794 1197; x_wconf 89' lang='lat' dir='ltr'><strong>Huic</strong></span> <span class='ocrx_word' id='word_1_334' title='bbox 810 1170 892 1197; x_wconf 85' lang='lat' dir='ltr'><strong>etiam</strong></span> 
     </span>
    </p>
   </div>
   <div class='ocr_carea' id='block_1_50' title="bbox 104 1205 893 1233">
    <p class='ocr_par' dir='ltr' id='par_1_50' title="bbox 104 1205 893 1233">
     <span class='ocr_line' id='line_1_51' title="bbox 104 1205 893 1233; baseline -0.001 0"><span class='ocrx_word' id='word_1_335' title='bbox 104 1205 246 1233; x_wconf 66' lang='lat' dir='ltr'><strong>sententia)</strong></span> <span class='ocrx_word' id='word_1_336' title='bbox 264 1205 336 1233; x_wconf 78' lang='lat' dir='ltr'><strong>favet</strong></span> <span class='ocrx_word' id='word_1_337' title='bbox 346 1205 491 1233; x_wconf 87' lang='lat' dir='ltr'><strong>Gothicum</strong></span> <span class='ocrx_word' id='word_1_338' title='bbox 508 1205 669 1232; x_wconf 88' lang='lat' dir='ltr'><strong>Toletanum</strong></span> <span class='ocrx_word' id='word_1_339' title='bbox 682 1205 850 1232; x_wconf 85' lang='lat' dir='ltr'><strong>Breviarium</strong></span> <span class='ocrx_word' id='word_1_340' title='bbox 866 1205 893 1232; x_wconf 91' lang='lat' dir='ltr'><strong>in</strong></span> 
     </span>
    </p>
   </div>
   <div class='ocr_carea' id='block_1_51' title="bbox 104 1240 893 1276">
    <p class='ocr_par' dir='ltr' id='par_1_51' title="bbox 104 1240 893 1276">
     <span class='ocr_line' id='line_1_52' title="bbox 104 1240 893 1276; baseline 0 -9"><span class='ocrx_word' id='word_1_341' title='bbox 104 1241 207 1276; x_wconf 85' lang='lat' dir='ltr'><strong>hymno</strong></span> <span class='ocrx_word' id='word_1_342' title='bbox 217 1244 251 1268; x_wconf 90' lang='lat' dir='ltr'><strong>de</strong></span> <span class='ocrx_word' id='word_1_343' title='bbox 266 1246 363 1268; x_wconf 83' lang='lat' dir='ltr'><strong>sancto</strong></span> <span class='ocrx_word' id='word_1_344' title='bbox 375 1241 507 1276; x_wconf 81' lang='lat' dir='ltr'><strong>Eugenio,</strong></span> <span class='ocrx_word' id='word_1_345' title='bbox 525 1240 572 1276; x_wconf 83' lang='lat' dir='ltr'><strong>ubi</strong></span> <span class='ocrx_word' id='word_1_346' title='bbox 590 1240 647 1266; x_wconf 62' lang='lat' dir='ltr'><strong>hanc</strong></span> <span class='ocrx_word' id='word_1_347' title='bbox 662 1240 695 1267; x_wconf 90' lang='lat' dir='ltr'><strong>de</strong></span> <span class='ocrx_word' id='word_1_348' title='bbox 713 1240 775 1275; x_wconf 72' lang='lat' dir='ltr'><strong>ejus</strong></span> <span class='ocrx_word' id='word_1_349' title='bbox 791 1244 893 1276; x_wconf 82' lang='lat' dir='ltr'><strong>marty-</strong></span> 
     </span>
    </p>
   </div>
   <div class='ocr_carea' id='block_1_52' title="bbox 103 1275 893 1312">
    <p class='ocr_par' dir='ltr' id='par_1_52' title="bbox 103 1275 893 1312">
     <span class='ocr_line' id='line_1_53' title="bbox 103 1275 893 1312; baseline -0.001 -9"><span class='ocrx_word' id='word_1_350' title='bbox 103 1277 157 1306; x_wconf 84' lang='lat' dir='ltr'><strong>rio.</strong></span> <span class='ocrx_word' id='word_1_351' title='bbox 178 1281 205 1304; x_wconf 88' lang='lat' dir='ltr'><strong>et</strong></span> <span class='ocrx_word' id='word_1_352' title='bbox 221 1277 345 1312; x_wconf 91' lang='lat' dir='ltr'><strong>corporis</strong></span> <span class='ocrx_word' id='word_1_353' title='bbox 360 1277 386 1303; x_wconf 95' lang='lat' dir='ltr'><strong>in</strong></span> <span class='ocrx_word' id='word_1_354' title='bbox 400 1275 447 1303; x_wconf 90' lang='lat' dir='ltr'><strong>illo</strong></span> <span class='ocrx_word' id='word_1_355' title='bbox 462 1276 522 1303; x_wconf 89' lang='lat' dir='ltr'><strong>lacu</strong></span> <span class='ocrx_word' id='word_1_356' title='bbox 543 1275 728 1308; x_wconf 84' lang='lat' dir='ltr'><strong>deinersione,</strong></span> <span class='ocrx_word' id='word_1_357' title='bbox 743 1280 770 1303; x_wconf 87' lang='lat' dir='ltr'><strong>et</strong></span> <span class='ocrx_word' id='word_1_358' title='bbox 791 1275 893 1311; x_wconf 86' lang='lat' dir='ltr'><strong>perdu-</strong></span> 
     </span>
    </p>
   </div>
   <div class='ocr_carea' id='block_1_53' title="bbox 104 1312 467 1342">
    <p class='ocr_par' dir='ltr' id='par_1_53' title="bbox 104 1312 467 1342">
     <span class='ocr_line' id='line_1_54' title="bbox 104 1312 467 1342; baseline 0 -4"><span class='ocrx_word' id='word_1_359' title='bbox 104 1312 222 1342; x_wconf 84' lang='lat' dir='ltr'><strong>ratione,</strong></span> <span class='ocrx_word' id='word_1_360' title='bbox 238 1317 264 1339; x_wconf 88' lang='lat' dir='ltr'><strong>et</strong></span> <span class='ocrx_word' id='word_1_361' title='bbox 281 1312 446 1339; x_wconf 86' lang='lat' dir='ltr'><strong>revelatione</strong></span> <span class='ocrx_word' id='word_1_362' title='bbox 459 1320 467 1339; x_wconf 86' lang='lat'><strong>:</strong></span> 
     </span>
    </p>
   </div>
   <div class='ocr_carea' id='block_1_54' title="bbox 192 1346 761 1381">
    <p class='ocr_par' dir='ltr' id='par_1_54' title="bbox 192 1346 761 1381">
     <span class='ocr_line' id='line_1_55' title="bbox 192 1346 761 1381; baseline -0.004 -7"><span class='ocrx_word' id='word_1_363' title='bbox 192 1347 302 1374; x_wconf 80' lang='lat' dir='ltr'><strong>Patrem</strong></span> <span class='ocrx_word' id='word_1_364' title='bbox 316 1346 459 1378; x_wconf 79' lang='lat' dir='ltr'><strong>desiderat,</strong></span> <span class='ocrx_word' id='word_1_365' title='bbox 472 1351 560 1374; x_wconf 81' lang='lat' dir='ltr'><strong>votum</strong></span> <span class='ocrx_word' id='word_1_366' title='bbox 572 1346 739 1381; x_wconf 83' lang='lat' dir='ltr'><strong>prosequitur</strong></span> <span class='ocrx_word' id='word_1_367' title='bbox 752 1353 761 1372; x_wconf 89' lang='lat'><strong><em>:</em></strong></span> 
     </span>
    </p>
   </div>
   <div class='ocr_carea' id='block_1_55' title="bbox 192 1382 737 1418">
    <p class='ocr_par' dir='ltr' id='par_1_55' title="bbox 192 1382 737 1418">
     <span class='ocr_line' id='line_1_56' title="bbox 192 1382 737 1418; baseline -0.004 -9"><span class='ocrx_word' id='word_1_368' title='bbox 192 1382 254 1418; x_wconf 68' lang='lat' dir='ltr'><strong>Iam</strong></span> <span class='ocrx_word' id='word_1_369' title='bbox 268 1391 347 1418; x_wconf 80' lang='lat' dir='ltr'><strong>prope</strong></span> <span class='ocrx_word' id='word_1_370' title='bbox 362 1386 477 1415; x_wconf 82' lang='lat' dir='ltr'><strong>venerat,</strong></span> <span class='ocrx_word' id='word_1_371' title='bbox 489 1383 572 1409; x_wconf 81' lang='lat' dir='ltr'><strong>hostis</strong></span> <span class='ocrx_word' id='word_1_372' title='bbox 587 1382 714 1418; x_wconf 78' lang='lat' dir='ltr'><strong>irascitur</strong></span> <span class='ocrx_word' id='word_1_373' title='bbox 728 1389 737 1407; x_wconf 97' lang='lat'><em>:</em></span> 
     </span>
    </p>
   </div>
   <div class='ocr_carea' id='block_1_56' title="bbox 191 1417 804 1452">
    <p class='ocr_par' dir='ltr' id='par_1_56' title="bbox 191 1417 804 1452">
     <span class='ocr_line' id='line_1_57' title="bbox 191 1417 804 1452; baseline -0.002 -8"><span class='ocrx_word' id='word_1_374' title='bbox 191 1417 307 1445; x_wconf 82' lang='lat' dir='ltr'><strong>Sanctus</strong></span> <span class='ocrx_word' id='word_1_375' title='bbox 322 1419 362 1444; x_wconf 78' lang='lat' dir='ltr'><strong>vir</strong></span> <span class='ocrx_word' id='word_1_376' title='bbox 378 1419 492 1452; x_wconf 82' lang='lat' dir='ltr'><strong>rapitur,</strong></span> <span class='ocrx_word' id='word_1_377' title='bbox 507 1426 583 1452; x_wconf 87' lang='lat' dir='ltr'><strong>quem</strong></span> <span class='ocrx_word' id='word_1_378' title='bbox 599 1417 668 1444; x_wconf 80' lang='lat' dir='ltr'><strong>ensis</strong></span> <span class='ocrx_word' id='word_1_379' title='bbox 684 1420 804 1449; x_wconf 82' lang='lat' dir='ltr'><strong>temerat,</strong></span> 
     </span>
    </p>
   </div>
   <div class='ocr_carea' id='block_1_57' title="bbox 229 1453 590 1488">
    <p class='ocr_par' dir='ltr' id='par_1_57' title="bbox 229 1453 590 1488">
     <span class='ocr_line' id='line_1_58' title="bbox 229 1453 590 1488; baseline -0.003 -8"><span class='ocrx_word' id='word_1_380' title='bbox 229 1453 314 1488; x_wconf 78' lang='lat' dir='ltr'><strong>Caput</strong></span> <span class='ocrx_word' id='word_1_381' title='bbox 327 1453 423 1480; x_wconf 69' lang='lat' dir='ltr'><strong>cellens</strong></span> <span class='ocrx_word' id='word_1_382' title='bbox 439 1461 455 1479; x_wconf 88' lang='lat' dir='ltr'><strong>a</strong></span> <span class='ocrx_word' id='word_1_383' title='bbox 473 1461 590 1487; x_wconf 82' lang='lat' dir='ltr'><strong>corpore.</strong></span> 
     </span>
    </p>
   </div>
   <div class='ocr_carea' id='block_1_58' title="bbox 191 1487 737 1523">
    <p class='ocr_par' dir='ltr' id='par_1_58' title="bbox 191 1487 737 1523">
     <span class='ocr_line' id='line_1_59' title="bbox 191 1487 737 1523; baseline -0.002 -8"><span class='ocrx_word' id='word_1_384' title='bbox 191 1488 225 1515; x_wconf 84' lang='lat' dir='ltr'><strong>In</strong></span> <span class='ocrx_word' id='word_1_385' title='bbox 237 1487 298 1515; x_wconf 74' lang='lat' dir='ltr'><strong>[aeu</strong></span> <span class='ocrx_word' id='word_1_386' title='bbox 311 1490 432 1523; x_wconf 67' lang='lat' dir='ltr'><strong>proximo</strong></span> <span class='ocrx_word' id='word_1_387' title='bbox 447 1497 542 1523; x_wconf 83' lang='lat' dir='ltr'><strong>corpus</strong></span> <span class='ocrx_word' id='word_1_388' title='bbox 559 1487 737 1520; x_wconf 81' lang='lat' dir='ltr'><strong>submittitur,</strong></span> 
     </span>
    </p>
   </div>
   <div class='ocr_carea' id='block_1_59' title="bbox 192 1523 759 1557">
    <p class='ocr_par' dir='ltr' id='par_1_59' title="bbox 192 1523 759 1557">
     <span class='ocr_line' id='line_1_60' title="bbox 192 1523 759 1557; baseline -0.002 -7"><span class='ocrx_word' id='word_1_389' title='bbox 192 1523 300 1555; x_wconf 79' lang='lat' dir='ltr'><strong>Recens.</strong></span> <span class='ocrx_word' id='word_1_390' title='bbox 318 1529 347 1550; x_wconf 88' lang='lat' dir='ltr'><strong>ut</strong></span> <span class='ocrx_word' id='word_1_391' title='bbox 360 1525 485 1556; x_wconf 83' lang='lat' dir='ltr'><strong>mittitur,</strong></span> <span class='ocrx_word' id='word_1_392' title='bbox 500 1528 588 1550; x_wconf 83' lang='lat' dir='ltr'><strong>manet</strong></span> <span class='ocrx_word' id='word_1_393' title='bbox 606 1523 759 1557; x_wconf 82' lang='lat' dir='ltr'><strong>longissimo</strong></span> 
     </span>
    </p>
   </div>
   <div class='ocr_carea' id='block_1_60' title="bbox 229 1559 610 1593">
    <p class='ocr_par' dir='ltr' id='par_1_60' title="bbox 229 1559 610 1593">
     <span class='ocr_line' id='line_1_61' title="bbox 229 1559 610 1593; baseline 0 -7"><span class='ocrx_word' id='word_1_394' title='bbox 229 1559 283 1586; x_wconf 86' lang='lat' dir='ltr'><strong>Sub</strong></span> <span class='ocrx_word' id='word_1_395' title='bbox 298 1559 369 1586; x_wconf 85' lang='lat' dir='ltr'><strong>unda</strong></span> <span class='ocrx_word' id='word_1_396' title='bbox 381 1567 474 1593; x_wconf 83' lang='lat' dir='ltr'><strong>corpus</strong></span> <span class='ocrx_word' id='word_1_397' title='bbox 487 1564 610 1593; x_wconf 86' lang='lat' dir='ltr'><strong>tempore.</strong></span> 
     </span>
    </p>
   </div>
   <div class='ocr_carea' id='block_1_61' title="bbox 192 1593 711 1629">
    <p class='ocr_par' dir='ltr' id='par_1_61' title="bbox 192 1593 711 1629">
     <span class='ocr_line' id='line_1_62' title="bbox 192 1593 711 1629; baseline 0 -8"><span class='ocrx_word' id='word_1_398' title='bbox 192 1594 340 1622; x_wconf 78' lang='lat' dir='ltr'><strong>Hercoldus</strong></span> <span class='ocrx_word' id='word_1_399' title='bbox 353 1595 465 1629; x_wconf 82' lang='lat' dir='ltr'><strong>patitur,</strong></span> <span class='ocrx_word' id='word_1_400' title='bbox 483 1603 557 1629; x_wconf 80' lang='lat' dir='ltr'><strong>queui</strong></span> <span class='ocrx_word' id='word_1_401' title='bbox 574 1593 624 1620; x_wconf 89' lang='lat' dir='ltr'><strong>Dei</strong></span> <span class='ocrx_word' id='word_1_402' title='bbox 635 1594 711 1627; x_wconf 79' lang='lat' dir='ltr'><strong>visio,</strong></span> 
     </span>
    </p>
   </div>
   <div class='ocr_carea' id='block_1_62' title="bbox 193 1629 662 1664">
    <p class='ocr_par' dir='ltr' id='par_1_62' title="bbox 193 1629 662 1664">
     <span class='ocr_line' id='line_1_63' title="bbox 193 1629 662 1664; baseline -0.004 -8"><span class='ocrx_word' id='word_1_403' title='bbox 193 1629 235 1656; x_wconf 66' lang='lat' dir='ltr'><strong>Em</strong></span> <span class='ocrx_word' id='word_1_404' title='bbox 247 1631 295 1656; x_wconf 83' lang='lat' dir='ltr'><strong>ltoc</strong></span> <span class='ocrx_word' id='word_1_405' title='bbox 309 1630 456 1664; x_wconf 80' lang='lat' dir='ltr'><strong>alloquitur</strong></span> <span class='ocrx_word' id='word_1_406' title='bbox 469 1630 497 1656; x_wconf 88' lang='lat' dir='ltr'><strong>in</strong></span> <span class='ocrx_word' id='word_1_407' title='bbox 510 1629 638 1664; x_wconf 83' lang='lat' dir='ltr'><strong>Dionysio</strong></span> <span class='ocrx_word' id='word_1_408' title='bbox 653 1636 662 1654; x_wconf 91' lang='lat'><em>:</em></span> 
     </span>
    </p>
   </div>
   <div class='ocr_carea' id='block_1_63' title="bbox 191 1665 676 1699">
    <p class='ocr_par' dir='ltr' id='par_1_63' title="bbox 191 1665 676 1699">
     <span class='ocr_line' id='line_1_64' title="bbox 191 1665 676 1699; baseline -0.004 -7"><span class='ocrx_word' id='word_1_409' title='bbox 191 1665 294 1692; x_wconf 78' lang='lat' dir='ltr'><strong>Salutis</strong></span> <span class='ocrx_word' id='word_1_410' title='bbox 311 1668 394 1699; x_wconf 80' lang='lat' dir='ltr'><strong>pretio</strong></span> <span class='ocrx_word' id='word_1_411' title='bbox 411 1669 518 1691; x_wconf 80' lang='lat' dir='ltr'><strong>sanctus</strong></span> <span class='ocrx_word' id='word_1_412' title='bbox 536 1665 676 1691; x_wconf 75' lang='lat' dir='ltr'><strong>redimitur</strong></span> 
     </span>
    </p>
   </div>
   <div class='ocr_carea' id='block_1_64' title="bbox 227 1699 574 1734">
    <p class='ocr_par' dir='ltr' id='par_1_64' title="bbox 227 1699 574 1734">
     <span class='ocr_line' id='line_1_65' title="bbox 227 1699 574 1734; baseline 0 -8"><span class='ocrx_word' id='word_1_413' title='bbox 227 1700 314 1734; x_wconf 80' lang='lat' dir='ltr'><strong>Digna</strong></span> <span class='ocrx_word' id='word_1_414' title='bbox 330 1699 457 1727; x_wconf 77' lang='lat' dir='ltr'><strong>locandus</strong></span> <span class='ocrx_word' id='word_1_415' title='bbox 471 1700 574 1726; x_wconf 82' lang='lat' dir='ltr'><strong>decore.</strong></span> 
     </span>
    </p>
   </div>
   <div class='ocr_carea' id='block_1_65' title="bbox 140 1734 891 1772">
    <p class='ocr_par' dir='ltr' id='par_1_65' title="bbox 140 1734 891 1772">
     <span class='ocr_line' id='line_1_66' title="bbox 140 1734 891 1772; baseline -0.004 -9"><span class='ocrx_word' id='word_1_416' title='bbox 140 1735 196 1772; x_wconf 75' lang='grc'><strong>(94)</strong></span> <span class='ocrx_word' id='word_1_417' title='bbox 208 1735 316 1772; x_wconf 75' lang='lat' dir='ltr'><strong>Decimo</strong></span> <span class='ocrx_word' id='word_1_418' title='bbox 331 1736 401 1762; x_wconf 87' lang='lat' dir='ltr'><strong>enim</strong></span> <span class='ocrx_word' id='word_1_419' title='bbox 416 1735 580 1772; x_wconf 31' lang='lat' dir='ltr'><strong>ncireiter_ab</strong></span> <span class='ocrx_word' id='word_1_420' title='bbox 588 1738 655 1772; x_wconf 73' lang='lat' dir='ltr'><strong>_ortu</strong></span> <span class='ocrx_word' id='word_1_421' title='bbox 674 1734 773 1772; x_wconf 69' lang='lat' dir='ltr'><strong>(_thristi</strong></span> <span class='ocrx_word' id='word_1_422' title='bbox 783 1734 891 1772; x_wconf 62' lang='lat' dir='ltr'><strong>stpculo.</strong></span> 
     </span>
    </p>
   </div>
   <div class='ocr_carea' id='block_1_66' title="bbox 101 1769 892 1807">
    <p class='ocr_par' dir='ltr' id='par_1_66' title="bbox 101 1769 892 1807">
     <span class='ocr_line' id='line_1_67' title="bbox 101 1769 892 1807; baseline -0.005 -8"><span class='ocrx_word' id='word_1_423' title='bbox 101 1769 200 1807; x_wconf 77' lang='lat' dir='ltr'><strong>Agitur</strong></span> <span class='ocrx_word' id='word_1_424' title='bbox 216 1771 260 1798; x_wconf 92' lang='lat' dir='ltr'><strong>hic</strong></span> <span class='ocrx_word' id='word_1_425' title='bbox 271 1771 304 1798; x_wconf 91' lang='lat' dir='ltr'><strong>de</strong></span> <span class='ocrx_word' id='word_1_426' title='bbox 319 1770 514 1807; x_wconf 77' lang='lat' dir='ltr'><strong>nonnullarum</strong></span> <span class='ocrx_word' id='word_1_427' title='bbox 534 1769 563 1797; x_wconf 89' lang='lat' dir='ltr'><strong>S.</strong></span> <span class='ocrx_word' id='word_1_428' title='bbox 587 1770 700 1807; x_wconf 76' lang='lat' dir='ltr'><strong>Eugenii</strong></span> <span class='ocrx_word' id='word_1_429' title='bbox 713 1770 892 1807; x_wconf 73' lang='lat' dir='ltr'><strong>reliquiarum</strong></span> 
     </span>
    </p>
   </div>
   <div class='ocr_carea' id='block_1_67' title="bbox 101 1805 892 1834">
    <p class='ocr_par' dir='ltr' id='par_1_67' title="bbox 101 1805 892 1834">
     <span class='ocr_line' id='line_1_68' title="bbox 101 1805 892 1834; baseline -0.004 0"><span class='ocrx_word' id='word_1_430' title='bbox 101 1805 283 1834; x_wconf 70' lang='lat' dir='ltr'><strong>translatione</strong></span> <span class='ocrx_word' id='word_1_431' title='bbox 302 1806 336 1833; x_wconf 85' lang='lat' dir='ltr'><strong>ad</strong></span> <span class='ocrx_word' id='word_1_432' title='bbox 356 1805 507 1832; x_wconf 86' lang='lat' dir='ltr'><strong>Brumense</strong></span> <span class='ocrx_word' id='word_1_433' title='bbox 521 1806 718 1832; x_wconf 85' lang='lat' dir='ltr'><strong>monasterium</strong></span> <span class='ocrx_word' id='word_1_434' title='bbox 734 1805 761 1832; x_wconf 94' lang='lat' dir='ltr'><strong>in</strong></span> <span class='ocrx_word' id='word_1_435' title='bbox 773 1805 892 1832; x_wconf 76' lang='lat' dir='ltr'><strong>ditecesi</strong></span> 
     </span>
    </p>
   </div>
   <div class='ocr_carea' id='block_1_68' title="bbox 101 1840 894 1875">
    <p class='ocr_par' dir='ltr' id='par_1_68' title="bbox 101 1840 894 1875">
     <span class='ocr_line' id='line_1_69' title="bbox 101 1840 894 1875; baseline -0.005 -5"><span class='ocrx_word' id='word_1_436' title='bbox 101 1842 248 1870; x_wconf 88' lang='lat' dir='ltr'><strong>Lcodicnsi</strong></span> <span class='ocrx_word' id='word_1_437' title='bbox 268 1842 362 1868; x_wconf 81' lang='lat' dir='ltr'><strong>situm.</strong></span> <span class='ocrx_word' id='word_1_438' title='bbox 383 1840 468 1875; x_wconf 87' lang='lat' dir='ltr'><strong>Cujus</strong></span> <span class='ocrx_word' id='word_1_439' title='bbox 492 1841 683 1868; x_wconf 86' lang='lat' dir='ltr'><strong>translationis</strong></span> <span class='ocrx_word' id='word_1_440' title='bbox 708 1840 812 1868; x_wconf 91' lang='lat' dir='ltr'><strong>mentio</strong></span> <span class='ocrx_word' id='word_1_441' title='bbox 838 1848 894 1867; x_wconf 92' lang='lat' dir='ltr'><strong>non</strong></span> 
     </span>
    </p>
   </div>
   <div class='ocr_carea' id='block_1_69' title="bbox 101 1875 894 1907">
    <p class='ocr_par' dir='ltr' id='par_1_69' title="bbox 101 1875 894 1907">
     <span class='ocr_line' id='line_1_70' title="bbox 101 1875 894 1907; baseline -0.003 -3"><span class='ocrx_word' id='word_1_442' title='bbox 101 1882 209 1905; x_wconf 87' lang='lat' dir='ltr'><strong>tantum</strong></span> <span class='ocrx_word' id='word_1_443' title='bbox 233 1878 259 1904; x_wconf 91' lang='lat' dir='ltr'><strong>in</strong></span> <span class='ocrx_word' id='word_1_444' title='bbox 274 1876 334 1903; x_wconf 83' lang='lat' dir='ltr'><strong>Vita</strong></span> <span class='ocrx_word' id='word_1_445' title='bbox 351 1876 379 1903; x_wconf 91' lang='lat' dir='ltr'><strong>S.</strong></span> <span class='ocrx_word' id='word_1_446' title='bbox 398 1875 511 1903; x_wconf 84' lang='lat' dir='ltr'><strong>Gerardi</strong></span> <span class='ocrx_word' id='word_1_447' title='bbox 530 1876 639 1903; x_wconf 84' lang='lat' dir='ltr'><strong>abbatis</strong></span> <span class='ocrx_word' id='word_1_448' title='bbox 663 1875 831 1907; x_wconf 84' lang='lat' dir='ltr'><strong>Broniensis,</strong></span> <span class='ocrx_word' id='word_1_449' title='bbox 846 1875 894 1902; x_wconf 87' lang='lat' dir='ltr'><strong>sed</strong></span> 
     </span>
    </p>
   </div>
   <div class='ocr_carea' id='block_1_70' title="bbox 101 1911 894 1947">
    <p class='ocr_par' dir='ltr' id='par_1_70' title="bbox 101 1911 894 1947">
     <span class='ocr_line' id='line_1_71' title="bbox 101 1911 894 1947; baseline -0.005 -7"><span class='ocrx_word' id='word_1_450' title='bbox 101 1915 184 1940; x_wconf 83' lang='lat' dir='ltr'><strong>etiam</strong></span> <span class='ocrx_word' id='word_1_451' title='bbox 201 1912 272 1947; x_wconf 87' lang='lat' dir='ltr'><strong>apud</strong></span> <span class='ocrx_word' id='word_1_452' title='bbox 292 1912 431 1947; x_wconf 62' lang='lat' dir='ltr'><strong>[Egidium</strong></span> <span class='ocrx_word' id='word_1_453' title='bbox 448 1919 468 1947; x_wconf 35' lang='lat' dir='ltr'><strong>aA</strong></span> <span class='ocrx_word' id='word_1_454' title='bbox 485 1911 587 1938; x_wconf 87' lang='lat' dir='ltr'><strong>Leodio</strong></span> <span class='ocrx_word' id='word_1_455' title='bbox 600 1932 607 1943; x_wconf 88' lang='lat'><strong>,</strong></span> <span class='ocrx_word' id='word_1_456' title='bbox 624 1911 813 1947; x_wconf 65' lang='lat' dir='ltr'><strong>Aureae-vallis</strong></span> <span class='ocrx_word' id='word_1_457' title='bbox 833 1911 894 1947; x_wconf 82' lang='lat' dir='ltr'><strong>reli-</strong></span> 
     </span>
    </p>
   </div>
   <div class='ocr_carea' id='block_1_71' title="bbox 101 1945 894 1984">
    <p class='ocr_par' dir='ltr' id='par_1_71' title="bbox 101 1945 894 1984">
     <span class='ocr_line' id='line_1_72' title="bbox 101 1945 894 1984; baseline -0.004 -9"><span class='ocrx_word' id='word_1_458' title='bbox 101 1945 345 1984; x_wconf 53' lang='lat' dir='ltr'><strong>gioso,réperitur&#39;.</strong></span> <span class='ocrx_word' id='word_1_459' title='bbox 359 1947 427 1974; x_wconf 83' lang='lat' dir='ltr'><strong>Vide</strong></span> <span class='ocrx_word' id='word_1_460' title='bbox 448 1945 526 1984; x_wconf 78' lang='lat' dir='ltr'><strong>Gesta</strong></span> <span class='ocrx_word' id='word_1_461' title='bbox 537 1947 691 1984; x_wconf 76' lang='lat' dir='ltr'><strong>pontificum</strong></span> <span class='ocrx_word' id='word_1_462' title='bbox 702 1946 894 1984; x_wconf 70' lang='lat' dir='ltr'><strong>Tuiigreusium</strong></span> 
     </span>
    </p>
   </div>
   <div class='ocr_carea' id='block_1_72' title="bbox 102 1982 893 2017">
    <p class='ocr_par' dir='ltr' id='par_1_72' title="bbox 102 1982 893 2017">
     <span class='ocr_line' id='line_1_73' title="bbox 102 1982 893 2017; baseline -0.004 -6"><span class='ocrx_word' id='word_1_463' title='bbox 102 1982 152 2011; x_wconf 66' lang='lat' dir='ltr'><strong>Seu</strong></span> <span class='ocrx_word' id='word_1_464' title='bbox 169 1983 362 2010; x_wconf 88' lang='lat' dir='ltr'><strong>Leodiensium</strong></span> <span class='ocrx_word' id='word_1_465' title='bbox 380 1988 454 2010; x_wconf 91' lang='lat' dir='ltr'><strong>tomo</strong></span> <span class='ocrx_word' id='word_1_466' title='bbox 478 1983 583 2017; x_wconf 85' lang='lat' dir='ltr'><strong>primo,</strong></span> <span class='ocrx_word' id='word_1_467' title='bbox 608 1982 654 2009; x_wconf 83' lang='lat' dir='ltr'><strong>tibi</strong></span> <span class='ocrx_word' id='word_1_468' title='bbox 678 1982 826 2017; x_wconf 80' lang='lat' dir='ltr'><strong>Anselmus</strong></span> <span class='ocrx_word' id='word_1_469' title='bbox 841 1988 893 2017; x_wconf 23' lang='lat' dir='ltr'><strong>ures</strong></span> 
     </span>
    </p>
   </div>
   <div class='ocr_carea' id='block_1_73' title="bbox 104 2015 893 2054">
    <p class='ocr_par' dir='ltr' id='par_1_73' title="bbox 104 2015 893 2054">
     <span class='ocr_line' id='line_1_74' title="bbox 104 2015 893 2054; baseline -0.005 -8"><span class='ocrx_word' id='word_1_470' title='bbox 104 2018 236 2054; x_wconf 85' lang='lat' dir='ltr'><strong>Stephani</strong></span> <span class='ocrx_word' id='word_1_471' title='bbox 253 2019 374 2053; x_wconf 79' lang='lat' dir='ltr'><strong>episcopi</strong></span> <span class='ocrx_word' id='word_1_472' title='bbox 394 2015 581 2054; x_wconf 73' lang='lat' dir='ltr'><strong>prosequitur.</strong></span> <span class='ocrx_word' id='word_1_473' title='bbox 598 2017 656 2054; x_wconf 87' lang='lat' dir='ltr'><strong>Illic</strong></span> <span class='ocrx_word' id='word_1_474' title='bbox 670 2017 754 2054; x_wconf 76' lang='lat' dir='ltr'><strong>igitur</strong></span> <span class='ocrx_word' id='word_1_475' title='bbox 766 2015 893 2054; x_wconf 61' lang='lat' dir='ltr'><strong>@gidius</strong></span> 
     </span>
    </p>
   </div>
   <div class='ocr_carea' id='block_1_74' title="bbox 103 2051 893 2081">
    <p class='ocr_par' dir='ltr' id='par_1_74' title="bbox 103 2051 893 2081">
     <span class='ocr_line' id='line_1_75' title="bbox 103 2051 893 2081; baseline -0.004 0"><span class='ocrx_word' id='word_1_476' title='bbox 103 2055 132 2081; x_wconf 86' lang='lat' dir='ltr'><strong>in</strong></span> <span class='ocrx_word' id='word_1_477' title='bbox 147 2051 204 2081; x_wconf 77' lang='lat' dir='ltr'><strong>suis</strong></span> <span class='ocrx_word' id='word_1_478' title='bbox 225 2054 258 2080; x_wconf 88' lang='lat' dir='ltr'><strong>ad</strong></span> <span class='ocrx_word' id='word_1_479' title='bbox 271 2051 440 2081; x_wconf 38' lang='lat' dir='ltr'><strong>‘Ansclmum</strong></span> <span class='ocrx_word' id='word_1_480' title='bbox 456 2051 658 2080; x_wconf 86' lang='lat' dir='ltr'><strong>Additamentis</strong></span> <span class='ocrx_word' id='word_1_481' title='bbox 675 2053 712 2079; x_wconf 86' lang='lat' dir='ltr'><strong>ita</strong></span> <span class='ocrx_word' id='word_1_482' title='bbox 723 2052 757 2079; x_wconf 89' lang='lat' dir='ltr'><strong>de</strong></span> <span class='ocrx_word' id='word_1_483' title='bbox 771 2051 893 2079; x_wconf 85' lang='lat' dir='ltr'><strong>Gerardo</strong></span> 
     </span>
    </p>
   </div>
   <div class='ocr_carea' id='block_1_75' title="bbox 103 2086 891 2122">
    <p class='ocr_par' dir='ltr' id='par_1_75' title="bbox 103 2086 891 2122">
     <span class='ocr_line' id='line_1_76' title="bbox 103 2086 891 2122; baseline -0.004 -6"><span class='ocrx_word' id='word_1_484' title='bbox 103 2090 203 2116; x_wconf 84' lang='lat' dir='ltr'><strong>abbate</strong></span> <span class='ocrx_word' id='word_1_485' title='bbox 218 2089 313 2116; x_wconf 88' lang='lat' dir='ltr'><strong>scribit</strong></span> <span class='ocrx_word' id='word_1_486' title='bbox 327 2098 333 2116; x_wconf 91' lang='lat'>:</span> <span class='ocrx_word' id='word_1_487' title='bbox 354 2098 362 2113; x_wconf 74' lang='grc' dir='ltr'><strong>ε</strong></span> <span class='ocrx_word' id='word_1_488' title='bbox 378 2088 431 2115; x_wconf 88' lang='lat' dir='ltr'><strong>Per</strong></span> <span class='ocrx_word' id='word_1_489' title='bbox 446 2088 607 2122; x_wconf 71' lang='lat' dir='ltr'><strong>praedictum</strong></span> <span class='ocrx_word' id='word_1_490' title='bbox 628 2088 710 2114; x_wconf 88' lang='lat' dir='ltr'><strong>etiam</strong></span> <span class='ocrx_word' id='word_1_491' title='bbox 730 2086 891 2118; x_wconf 87' lang='lat' dir='ltr'><strong>Gerardum,</strong></span> 
     </span>
    </p>
   </div>
   <div class='ocr_carea' id='block_1_76' title="bbox 103 2123 894 2159">
    <p class='ocr_par' dir='ltr' id='par_1_76' title="bbox 103 2123 894 2159">
     <span class='ocr_line' id='line_1_77' title="bbox 103 2123 894 2159; baseline -0.005 -8"><span class='ocrx_word' id='word_1_492' title='bbox 103 2132 206 2159; x_wconf 87' lang='lat' dir='ltr'><strong>corpus</strong></span> <span class='ocrx_word' id='word_1_493' title='bbox 222 2123 251 2151; x_wconf 93' lang='lat' dir='ltr'><strong>S.</strong></span> <span class='ocrx_word' id='word_1_494' title='bbox 269 2124 383 2159; x_wconf 79' lang='lat' dir='ltr'><strong>Eugenii</strong></span> <span class='ocrx_word' id='word_1_495' title='bbox 402 2123 541 2159; x_wconf 68' lang='lat' dir='ltr'><strong>Toletana:</strong></span> <span class='ocrx_word' id='word_1_496' title='bbox 555 2123 631 2150; x_wconf 89' lang='lat' dir='ltr'><strong>urbis</strong></span> <span class='ocrx_word' id='word_1_497' title='bbox 646 2123 766 2158; x_wconf 89' lang='lat' dir='ltr'><strong>episcopi</strong></span> <span class='ocrx_word' id='word_1_498' title='bbox 780 2126 807 2149; x_wconf 84' lang='lat' dir='ltr'><strong>et</strong></span> <span class='ocrx_word' id='word_1_499' title='bbox 820 2129 894 2148; x_wconf 84' lang='lat' dir='ltr'><strong>mar-</strong></span> 
     </span>
    </p>
   </div>
   <div class='ocr_carea' id='block_1_77' title="bbox 102 2158 892 2194">
    <p class='ocr_par' dir='ltr' id='par_1_77' title="bbox 102 2158 892 2194">
     <span class='ocr_line' id='line_1_78' title="bbox 102 2158 892 2194; baseline -0.004 -8"><span class='ocrx_word' id='word_1_500' title='bbox 102 2158 174 2194; x_wconf 84' lang='lat' dir='ltr'><strong>tyris</strong></span> <span class='ocrx_word' id='word_1_501' title='bbox 193 2159 220 2186; x_wconf 93' lang='lat' dir='ltr'><strong>in</strong></span> <span class='ocrx_word' id='word_1_502' title='bbox 242 2158 429 2194; x_wconf 85' lang='lat' dir='ltr'><strong>episcopatum</strong></span> <span class='ocrx_word' id='word_1_503' title='bbox 455 2158 634 2186; x_wconf 88' lang='lat' dir='ltr'><strong>Leodiensem</strong></span> <span class='ocrx_word' id='word_1_504' title='bbox 656 2159 818 2194; x_wconf 78' lang='lat' dir='ltr'><strong>translatum</strong></span> <span class='ocrx_word' id='word_1_505' title='bbox 840 2161 892 2184; x_wconf 86' lang='lat' dir='ltr'><strong>est.</strong></span> 
     </span>
    </p>
   </div>
   <div class='ocr_carea' id='block_1_78' title="bbox 103 2168 893 2229">
    <p class='ocr_par' dir='ltr' id='par_1_78' title="bbox 103 2168 893 2229">
     <span class='ocr_line' id='line_1_79' title="bbox 103 2168 892 2194; baseline -0.004 -8"><span class='ocrx_word' id='word_1_506' title='bbox 103 2168 114 2186; x_wconf 84' lang='lat' dir='ltr'><strong>t</strong></span> <span class='ocrx_word' id='word_1_507' title='bbox 136 2168 174 2186; x_wconf 85' lang='lat' dir='ltr'><strong>ris</strong></span> <span class='ocrx_word' id='word_1_508' title='bbox 193 2168 220 2186; x_wconf 82' lang='lat' dir='ltr'><strong>in</strong></span> <span class='ocrx_word' id='word_1_509' title='bbox 242 2168 429 2194; x_wconf 83' lang='lat' dir='ltr'><strong>episcopatum</strong></span> <span class='ocrx_word' id='word_1_510' title='bbox 455 2168 634 2186; x_wconf 74' lang='lat' dir='ltr'><strong>heoulellsem</strong></span> <span class='ocrx_word' id='word_1_511' title='bbox 656 2168 818 2185; x_wconf 73' lang='lat' dir='ltr'><strong>lranstﬂtutll</strong></span> <span class='ocrx_word' id='word_1_512' title='bbox 840 2168 892 2184; x_wconf 70' lang='lat' dir='ltr'><strong>est.</strong></span> 
     </span>
     <span class='ocr_line' id='line_1_80' title="bbox 103 2168 893 2229; baseline -0.004 -8"><span class='ocrx_word' id='word_1_513' title='bbox 103 2168 156 2228; x_wconf 66' lang='lat' dir='ltr'><strong>diu</strong></span> <span class='ocrx_word' id='word_1_514' title='bbox 176 2194 204 2221; x_wconf 84' lang='grc' dir='ltr'><strong>Β.</strong></span> <span class='ocrx_word' id='word_1_515' title='bbox 221 2194 360 2229; x_wconf 82' lang='lat' dir='ltr'><strong>Eugenius</strong></span> <span class='ocrx_word' id='word_1_516' title='bbox 376 2194 528 2229; x_wconf 82' lang='lat' dir='ltr'><strong>discipulus</strong></span> <span class='ocrx_word' id='word_1_517' title='bbox 545 2193 732 2228; x_wconf 88' lang='lat' dir='ltr'><strong>apostolorum</strong></span> <span class='ocrx_word' id='word_1_518' title='bbox 752 2193 813 2223; x_wconf 82' lang='lat' dir='ltr'><strong>fuit.</strong></span> <span class='ocrx_word' id='word_1_519' title='bbox 829 2196 856 2219; x_wconf 90' lang='lat' dir='ltr'><strong>et</strong></span> <span class='ocrx_word' id='word_1_520' title='bbox 878 2199 893 2218; x_wconf 89' lang='lat' dir='ltr'><strong>a</strong></span> 
     </span>
    </p>
   </div>
   <div class='ocr_carea' id='block_1_79' title="bbox 102 2228 890 2265">
    <p class='ocr_par' dir='ltr' id='par_1_79' title="bbox 102 2228 890 2265">
     <span class='ocr_line' id='line_1_81' title="bbox 102 2228 890 2265; baseline -0.003 -9"><span class='ocrx_word' id='word_1_521' title='bbox 102 2229 136 2257; x_wconf 84' lang='lat' dir='ltr'><strong>B.</strong></span> <span class='ocrx_word' id='word_1_522' title='bbox 165 2228 294 2265; x_wconf 73' lang='lat' dir='ltr'><strong>Dionysio</strong></span> <span class='ocrx_word' id='word_1_523' title='bbox 312 2230 455 2257; x_wconf 89' lang='lat' dir='ltr'><strong>ordinatus</strong></span> <span class='ocrx_word' id='word_1_524' title='bbox 475 2228 613 2265; x_wconf 48' lang='lat' dir='ltr'><strong>Toletanis</strong></span> <span class='ocrx_word' id='word_1_525' title='bbox 638 2229 715 2265; x_wconf 86' lang='lat' dir='ltr'><strong>urbis</strong></span> <span class='ocrx_word' id='word_1_526' title='bbox 735 2229 890 2265; x_wconf 77' lang='lat' dir='ltr'><strong>episcopus.</strong></span> 
     </span>
    </p>
   </div>
   <div class='ocr_carea' id='block_1_80' title="bbox 102 2263 891 2300">
    <p class='ocr_par' dir='ltr' id='par_1_80' title="bbox 102 2263 891 2300">
     <span class='ocr_line' id='line_1_82' title="bbox 102 2263 891 2300; baseline -0.004 -8"><span class='ocrx_word' id='word_1_527' title='bbox 102 2264 206 2292; x_wconf 88' lang='lat' dir='ltr'><strong>Passus</strong></span> <span class='ocrx_word' id='word_1_528' title='bbox 229 2263 272 2292; x_wconf 81' lang='lat' dir='ltr'><strong>ést</strong></span> <span class='ocrx_word' id='word_1_529' title='bbox 297 2266 459 2300; x_wconf 84' lang='lat' dir='ltr'><strong>martyrium</strong></span> <span class='ocrx_word' id='word_1_530' title='bbox 484 2265 536 2300; x_wconf 78' lang='lat' dir='ltr'><strong>sub</strong></span> <span class='ocrx_word' id='word_1_531' title='bbox 560 2264 731 2292; x_wconf 90' lang='lat' dir='ltr'><strong>Fescennino</strong></span> <span class='ocrx_word' id='word_1_532' title='bbox 753 2263 891 2300; x_wconf 67' lang='lat' dir='ltr'><strong>praeside,</strong></span> 
     </span>
    </p>
   </div>
   <div class='ocr_carea' id='block_1_81' title="bbox 944 956 1737 991">
    <p class='ocr_par' dir='ltr' id='par_1_81' title="bbox 944 956 1737 991">
     <span class='ocr_line' id='line_1_83' title="bbox 944 956 1737 991; baseline 0.004 -9"><span class='ocrx_word' id='word_1_533' title='bbox 944 964 995 991; x_wconf 90' lang='lat' dir='ltr'><strong>pro</strong></span> <span class='ocrx_word' id='word_1_534' title='bbox 1019 959 1086 983; x_wconf 91' lang='lat' dir='ltr'><strong>toto.</strong></span> <span class='ocrx_word' id='word_1_535' title='bbox 1114 956 1191 985; x_wconf 87' lang='lat' dir='ltr'><strong>Unde</strong></span> <span class='ocrx_word' id='word_1_536' title='bbox 1213 956 1296 985; x_wconf 76' lang='lat' dir='ltr'><strong>etiam</strong></span> <span class='ocrx_word' id='word_1_537' title='bbox 1316 956 1394 985; x_wconf 79' lang='lat' dir='ltr'><strong>error</strong></span> <span class='ocrx_word' id='word_1_538' title='bbox 1421 956 1509 985; x_wconf 39' lang='lat' dir='ltr'><strong>illc-et</strong></span> <span class='ocrx_word' id='word_1_539' title='bbox 1525 956 1663 986; x_wconf 85' lang='lat' dir='ltr'><strong>certamen</strong></span> <span class='ocrx_word' id='word_1_540' title='bbox 1681 967 1737 986; x_wconf 90' lang='lat' dir='ltr'><strong>non</strong></span> 
     </span>
    </p>
   </div>
   <div class='ocr_carea' id='block_1_82' title="bbox 945 992 1736 1028">
    <p class='ocr_par' dir='ltr' id='par_1_82' title="bbox 945 992 1736 1028">
     <span class='ocr_line' id='line_1_84' title="bbox 945 992 1736 1028; baseline 0.005 -11"><span class='ocrx_word' id='word_1_541' title='bbox 945 998 1008 1018; x_wconf 89' lang='lat' dir='ltr'><strong>raro</strong></span> <span class='ocrx_word' id='word_1_542' title='bbox 1021 992 1155 1028; x_wconf 83' lang='lat' dir='ltr'><strong>nascitur,</strong></span> <span class='ocrx_word' id='word_1_543' title='bbox 1177 1001 1232 1028; x_wconf 89' lang='lat' dir='ltr'><strong>quo</strong></span> <span class='ocrx_word' id='word_1_544' title='bbox 1257 994 1349 1027; x_wconf 83' lang='lat' dir='ltr'><strong>plures</strong></span> <span class='ocrx_word' id='word_1_545' title='bbox 1371 993 1453 1020; x_wconf 84' lang='lat' dir='ltr'><strong>urbes</strong></span> <span class='ocrx_word' id='word_1_546' title='bbox 1468 1001 1496 1021; x_wconf 89' lang='lat' dir='ltr'><strong>se</strong></span> <span class='ocrx_word' id='word_1_547' title='bbox 1513 993 1631 1028; x_wconf 88' lang='lat' dir='ltr'><strong>alicujus</strong></span> <span class='ocrx_word' id='word_1_548' title='bbox 1647 995 1736 1022; x_wconf 80' lang='lat' dir='ltr'><strong>sancti</strong></span> 
     </span>
    </p>
   </div>
   <div class='ocr_carea' id='block_1_83' title="bbox 945 1027 1737 1064">
    <p class='ocr_par' dir='ltr' id='par_1_83' title="bbox 945 1027 1737 1064">
     <span class='ocr_line' id='line_1_85' title="bbox 945 1027 1737 1064; baseline 0.004 -11"><span class='ocrx_word' id='word_1_549' title='bbox 945 1033 1046 1060; x_wconf 89' lang='lat' dir='ltr'><strong>corpus</strong></span> <span class='ocrx_word' id='word_1_550' title='bbox 1066 1027 1170 1064; x_wconf 83' lang='lat' dir='ltr'><strong>habere</strong></span> <span class='ocrx_word' id='word_1_551' title='bbox 1186 1027 1372 1063; x_wconf 70' lang='lat' dir='ltr'><strong>depugnant,</strong></span> <span class='ocrx_word' id='word_1_552' title='bbox 1397 1036 1459 1055; x_wconf 90' lang='lat' dir='ltr'><strong>cum</strong></span> <span class='ocrx_word' id='word_1_553' title='bbox 1494 1027 1610 1064; x_wconf 76' lang='lat' dir='ltr'><strong>singulae</strong></span> <span class='ocrx_word' id='word_1_554' title='bbox 1631 1034 1737 1064; x_wconf 86' lang='lat' dir='ltr'><strong>partem</strong></span> 
     </span>
    </p>
   </div>
   <div class='ocr_carea' id='block_1_84' title="bbox 944 1063 1194 1090">
    <p class='ocr_par' dir='ltr' id='par_1_84' title="bbox 944 1063 1194 1090">
     <span class='ocr_line' id='line_1_86' title="bbox 944 1063 1194 1090; baseline 0.008 -2"><span class='ocrx_word' id='word_1_555' title='bbox 944 1066 1050 1089; x_wconf 89' lang='lat' dir='ltr'><strong>tantum</strong></span> <span class='ocrx_word' id='word_1_556' title='bbox 1065 1063 1194 1090; x_wconf 88' lang='lat' dir='ltr'><strong>habeant.</strong></span> 
     </span>
    </p>
   </div>
   <div class='ocr_carea' id='block_1_85' title="bbox 981 1097 1736 1134">
    <p class='ocr_par' dir='ltr' id='par_1_85' title="bbox 981 1097 1736 1134">
     <span class='ocr_line' id='line_1_87' title="bbox 981 1097 1736 1134; baseline 0.007 -12"><span class='ocrx_word' id='word_1_557' title='bbox 981 1097 1037 1132; x_wconf 84' lang='lat'><strong>(96)</strong></span> <span class='ocrx_word' id='word_1_558' title='bbox 1047 1097 1144 1134; x_wconf 61' lang='lat' dir='ltr'><strong>Annis</strong></span> <span class='ocrx_word' id='word_1_559' title='bbox 1158 1107 1216 1125; x_wconf 85' lang='lat' dir='ltr'><strong>vero</strong></span> <span class='ocrx_word' id='word_1_560' title='bbox 1231 1104 1289 1133; x_wconf 75' lang='lat' dir='ltr'><strong>post</strong></span> <span class='ocrx_word' id='word_1_561' title='bbox 1308 1099 1376 1126; x_wconf 83' lang='lat' dir='ltr'><strong>Imm:</strong></span> <span class='ocrx_word' id='word_1_562' title='bbox 1401 1099 1604 1126; x_wconf 70' lang='lat' dir='ltr'><strong>translationem</strong></span> <span class='ocrx_word' id='word_1_563' title='bbox 1619 1099 1736 1134; x_wconf 76' lang='lat' dir='ltr'><strong>amplius</strong></span> 
     </span>
    </p>
   </div>
   <div class='ocr_carea' id='block_1_86' title="bbox 945 1132 1734 1170">
    <p class='ocr_par' dir='ltr' id='par_1_86' title="bbox 945 1132 1734 1170">
     <span class='ocr_line' id='line_1_88' title="bbox 945 1132 1734 1170; baseline 0.005 -12"><span class='ocrx_word' id='word_1_564' title='bbox 945 1132 1076 1170; x_wconf 55' lang='lat' dir='ltr'><strong>ducentis.</strong></span> <span class='ocrx_word' id='word_1_565' title='bbox 1096 1132 1160 1170; x_wconf 66' lang='lat' dir='ltr'><strong>Haec</strong></span> <span class='ocrx_word' id='word_1_566' title='bbox 1185 1139 1227 1162; x_wconf 88' lang='lat' dir='ltr'><strong>est</strong></span> <span class='ocrx_word' id='word_1_567' title='bbox 1251 1135 1371 1162; x_wconf 84' lang='lat' dir='ltr'><strong>secunda</strong></span> <span class='ocrx_word' id='word_1_568' title='bbox 1389 1135 1534 1162; x_wconf 85' lang='lat' dir='ltr'><strong>translatio</strong></span> <span class='ocrx_word' id='word_1_569' title='bbox 1558 1132 1734 1170; x_wconf 74' lang='lat' dir='ltr'><strong>reliquiarum</strong></span> 
     </span>
    </p>
   </div>
   <div class='ocr_carea' id='block_1_87' title="bbox 946 1167 1737 1205">
    <p class='ocr_par' dir='ltr' id='par_1_87' title="bbox 946 1167 1737 1205">
     <span class='ocr_line' id='line_1_89' title="bbox 946 1167 1737 1205; baseline 0.005 -12"><span class='ocrx_word' id='word_1_570' title='bbox 946 1167 975 1205; x_wconf 89' lang='lat' dir='ltr'><strong>_S.</strong></span> <span class='ocrx_word' id='word_1_571' title='bbox 989 1168 1190 1205; x_wconf 33' lang='lat' dir='ltr'><strong>Cugernique</strong></span> <span class='ocrx_word' id='word_1_572' title='bbox 1202 1170 1274 1205; x_wconf 66' lang='lat' dir='ltr'><strong>facta</strong></span> <span class='ocrx_word' id='word_1_573' title='bbox 1289 1174 1331 1197; x_wconf 78' lang='lat' dir='ltr'><strong>est</strong></span> <span class='ocrx_word' id='word_1_574' title='bbox 1345 1177 1418 1197; x_wconf 89' lang='lat' dir='ltr'><strong>anno</strong></span> <span class='ocrx_word' id='word_1_575' title='bbox 1431 1170 1507 1196; x_wconf 87' lang='lat' dir='ltr'><strong>Dom.</strong></span> <span class='ocrx_word' id='word_1_576' title='bbox 1519 1170 1599 1202; x_wconf 81' lang='lat' dir='ltr'><strong>H56,</strong></span> <span class='ocrx_word' id='word_1_577' title='bbox 1614 1167 1737 1205; x_wconf 76' lang='lat' dir='ltr'><strong>tempore</strong></span> 
     </span>
    </p>
   </div>
   <div class='ocr_carea' id='block_1_88' title="bbox 944 1202 1737 1240">
    <p class='ocr_par' dir='ltr' id='par_1_88' title="bbox 944 1202 1737 1240">
     <span class='ocr_line' id='line_1_90' title="bbox 944 1202 1737 1240; baseline 0.004 -11"><span class='ocrx_word' id='word_1_578' title='bbox 944 1202 1081 1240; x_wconf 75' lang='lat' dir='ltr'><strong>Ludovici</strong></span> <span class='ocrx_word' id='word_1_579' title='bbox 1090 1202 1147 1240; x_wconf 68' lang='lat' dir='ltr'><strong>VII,</strong></span> <span class='ocrx_word' id='word_1_580' title='bbox 1159 1205 1231 1240; x_wconf 81' lang='lat' dir='ltr'><strong>regis</strong></span> <span class='ocrx_word' id='word_1_581' title='bbox 1246 1204 1349 1237; x_wconf 72' lang='lat' dir='ltr'><strong>Galliae,</strong></span> <span class='ocrx_word' id='word_1_582' title='bbox 1365 1213 1426 1232; x_wconf 87' lang='lat' dir='ltr'><strong>cum</strong></span> <span class='ocrx_word' id='word_1_583' title='bbox 1440 1205 1597 1240; x_wconf 79' lang='lat' dir='ltr'><strong>Alphonsus</strong></span> <span class='ocrx_word' id='word_1_584' title='bbox 1610 1202 1737 1233; x_wconf 71' lang='lat' dir='ltr'><strong>Caslella:</strong></span> 
     </span>
    </p>
   </div>
   <div class='ocr_carea' id='block_1_89' title="bbox 945 1238 1735 1276">
    <p class='ocr_par' dir='ltr' id='par_1_89' title="bbox 945 1238 1735 1276">
     <span class='ocr_line' id='line_1_91' title="bbox 945 1238 1735 1276; baseline 0.005 -12"><span class='ocrx_word' id='word_1_585' title='bbox 945 1245 993 1276; x_wconf 73' lang='lat' dir='ltr'><strong>rex</strong></span> <span class='ocrx_word' id='word_1_586' title='bbox 1008 1238 1151 1276; x_wconf 80' lang='lat' dir='ltr'><strong>brachium</strong></span> <span class='ocrx_word' id='word_1_587' title='bbox 1165 1238 1290 1267; x_wconf 76' lang='lat' dir='ltr'><strong>dextrum</strong></span> <span class='ocrx_word' id='word_1_588' title='bbox 1308 1240 1337 1268; x_wconf 91' lang='lat' dir='ltr'><strong>S.</strong></span> <span class='ocrx_word' id='word_1_589' title='bbox 1354 1238 1523 1276; x_wconf 41' lang='lat' dir='ltr'><strong>Eugenii‘ab</strong></span> <span class='ocrx_word' id='word_1_590' title='bbox 1537 1241 1586 1268; x_wconf 85' lang='lat' dir='ltr'><strong>illo</strong></span> <span class='ocrx_word' id='word_1_591' title='bbox 1605 1241 1735 1268; x_wconf 89' lang='lat' dir='ltr'><strong>obtinuit.</strong></span> 
     </span>
    </p>
   </div>
   <div class='ocr_carea' id='block_1_90' title="bbox 945 1272 1736 1304">
    <p class='ocr_par' dir='ltr' id='par_1_90' title="bbox 945 1272 1736 1304">
     <span class='ocr_line' id='line_1_92' title="bbox 945 1272 1736 1304; baseline 0.005 -5"><span class='ocrx_word' id='word_1_592' title='bbox 945 1272 1022 1300; x_wconf 86' lang='lat' dir='ltr'><strong>Hanc</strong></span> <span class='ocrx_word' id='word_1_593' title='bbox 1031 1274 1180 1301; x_wconf 88' lang='lat' dir='ltr'><strong>secundam</strong></span> <span class='ocrx_word' id='word_1_594' title='bbox 1197 1272 1409 1303; x_wconf 71' lang='lat' dir='ltr'><strong>translationem</strong></span> <span class='ocrx_word' id='word_1_595' title='bbox 1419 1276 1544 1303; x_wconf 85' lang='lat' dir='ltr'><strong>Molanus</strong></span> <span class='ocrx_word' id='word_1_596' title='bbox 1558 1281 1585 1303; x_wconf 88' lang='lat' dir='ltr'><strong>et</strong></span> <span class='ocrx_word' id='word_1_597' title='bbox 1601 1275 1736 1304; x_wconf 87' lang='lat' dir='ltr'><strong>Baronius</strong></span> 
     </span>
    </p>
   </div>
   <div class='ocr_carea' id='block_1_91' title="bbox 944 1308 1738 1346">
    <p class='ocr_par' dir='ltr' id='par_1_91' title="bbox 944 1308 1738 1346">
     <span class='ocr_line' id='line_1_93' title="bbox 944 1308 1738 1346; baseline 0.005 -11"><span class='ocrx_word' id='word_1_598' title='bbox 944 1309 972 1336; x_wconf 89' lang='lat' dir='ltr'><strong>in</strong></span> <span class='ocrx_word' id='word_1_599' title='bbox 990 1309 1047 1346; x_wconf 85' lang='lat' dir='ltr'><strong>suis</strong></span> <span class='ocrx_word' id='word_1_600' title='bbox 1062 1308 1097 1336; x_wconf 85' lang='lat' dir='ltr'><strong>ad</strong></span> <span class='ocrx_word' id='word_1_601' title='bbox 1108 1309 1304 1346; x_wconf 83' lang='lat' dir='ltr'><strong>Martyrologia</strong></span> <span class='ocrx_word' id='word_1_602' title='bbox 1316 1310 1518 1343; x_wconf 79' lang='lat' dir='ltr'><strong>Notationibus,</strong></span> <span class='ocrx_word' id='word_1_603' title='bbox 1535 1319 1583 1339; x_wconf 86' lang='lat' dir='ltr'><strong>seu</strong></span> <span class='ocrx_word' id='word_1_604' title='bbox 1599 1312 1738 1339; x_wconf 79' lang='lat' dir='ltr'><strong>oblivione</strong></span> 
     </span>
    </p>
   </div>
   <div class='ocr_carea' id='block_1_92' title="bbox 945 1344 1738 1382">
    <p class='ocr_par' dir='ltr' id='par_1_92' title="bbox 945 1344 1738 1382">
     <span class='ocr_line' id='line_1_94' title="bbox 945 1344 1738 1382; baseline 0.005 -11"><span class='ocrx_word' id='word_1_605' title='bbox 945 1352 992 1372; x_wconf 88' lang='lat' dir='ltr'><strong>seu</strong></span> <span class='ocrx_word' id='word_1_606' title='bbox 1007 1344 1178 1382; x_wconf 77' lang='lat' dir='ltr'><strong>ignoratione</strong></span> <span class='ocrx_word' id='word_1_607' title='bbox 1185 1344 1393 1381; x_wconf 76' lang='lat' dir='ltr'><strong>praeterierunt,</strong></span> <span class='ocrx_word' id='word_1_608' title='bbox 1412 1351 1439 1374; x_wconf 87' lang='lat' dir='ltr'><strong>et</strong></span> <span class='ocrx_word' id='word_1_609' title='bbox 1454 1354 1514 1382; x_wconf 69' lang='lat' dir='ltr'><strong>qua:</strong></span> <span class='ocrx_word' id='word_1_610' title='bbox 1528 1347 1607 1374; x_wconf 84' lang='lat' dir='ltr'><strong>tertia</strong></span> <span class='ocrx_word' id='word_1_611' title='bbox 1622 1347 1683 1379; x_wconf 81' lang='lat' dir='ltr'><strong>fuit,</strong></span> <span class='ocrx_word' id='word_1_612' title='bbox 1695 1355 1738 1375; x_wconf 84' lang='lat' dir='ltr'><strong>se-</strong></span> 
     </span>
    </p>
   </div>
   <div class='ocr_carea' id='block_1_93' title="bbox 944 1379 1504 1413">
    <p class='ocr_par' dir='ltr' id='par_1_93' title="bbox 944 1379 1504 1413">
     <span class='ocr_line' id='line_1_95' title="bbox 944 1379 1504 1413; baseline 0.007 -8"><span class='ocrx_word' id='word_1_613' title='bbox 944 1379 1062 1406; x_wconf 87' lang='lat' dir='ltr'><strong>cundam</strong></span> <span class='ocrx_word' id='word_1_614' title='bbox 1077 1379 1214 1413; x_wconf 75' lang='lat' dir='ltr'><strong>fecerunt,</strong></span> <span class='ocrx_word' id='word_1_615' title='bbox 1235 1386 1264 1408; x_wconf 85' lang='lat' dir='ltr'><strong>ut</strong></span> <span class='ocrx_word' id='word_1_616' title='bbox 1278 1389 1340 1408; x_wconf 83' lang='lat' dir='ltr'><strong>mox</strong></span> <span class='ocrx_word' id='word_1_617' title='bbox 1358 1379 1504 1409; x_wconf 78' lang='lat' dir='ltr'><strong>videbitur.</strong></span> 
     </span>
    </p>
   </div>
   <div class='ocr_carea' id='block_1_94' title="bbox 980 1414 1738 1453">
    <p class='ocr_par' dir='ltr' id='par_1_94' title="bbox 980 1414 1738 1453">
     <span class='ocr_line' id='line_1_96' title="bbox 980 1414 1738 1453; baseline 0.005 -12"><span class='ocrx_word' id='word_1_618' title='bbox 980 1414 1068 1449; x_wconf 85' lang='lat' dir='ltr'><strong>Hujus</strong></span> <span class='ocrx_word' id='word_1_619' title='bbox 1079 1420 1181 1447; x_wconf 84' lang='lat' dir='ltr'><strong>autent,</strong></span> <span class='ocrx_word' id='word_1_620' title='bbox 1197 1425 1280 1453; x_wconf 73' lang='lat' dir='ltr'><strong>quam</strong></span> <span class='ocrx_word' id='word_1_621' title='bbox 1294 1425 1344 1444; x_wconf 91' lang='lat' dir='ltr'><strong>nos</strong></span> <span class='ocrx_word' id='word_1_622' title='bbox 1363 1420 1511 1445; x_wconf 80' lang='lat' dir='ltr'><strong>secundant</strong></span> <span class='ocrx_word' id='word_1_623' title='bbox 1528 1417 1667 1452; x_wconf 88' lang='lat' dir='ltr'><strong>ponimus,</strong></span> <span class='ocrx_word' id='word_1_624' title='bbox 1679 1417 1738 1453; x_wconf 86' lang='lat' dir='ltr'><strong>ple-</strong></span> 
     </span>
    </p>
   </div>
   <div class='ocr_carea' id='block_1_95' title="bbox 945 1450 1735 1487">
    <p class='ocr_par' dir='ltr' id='par_1_95' title="bbox 945 1450 1735 1487">
     <span class='ocr_line' id='line_1_97' title="bbox 945 1450 1735 1487; baseline 0.004 -11"><span class='ocrx_word' id='word_1_625' title='bbox 945 1450 1024 1487; x_wconf 77' lang='lat' dir='ltr'><strong>rique</strong></span> <span class='ocrx_word' id='word_1_626' title='bbox 1037 1457 1133 1487; x_wconf 87' lang='lat' dir='ltr'><strong>omnes</strong></span> <span class='ocrx_word' id='word_1_627' title='bbox 1146 1450 1238 1479; x_wconf 84' lang='lat' dir='ltr'><strong>rerum</strong></span> <span class='ocrx_word' id='word_1_628' title='bbox 1251 1451 1389 1487; x_wconf 76' lang='lat' dir='ltr'><strong>Hispaniae</strong></span> <span class='ocrx_word' id='word_1_629' title='bbox 1400 1450 1559 1487; x_wconf 73' lang='lat' dir='ltr'><strong>scriptores,</strong></span> <span class='ocrx_word' id='word_1_630' title='bbox 1569 1450 1735 1480; x_wconf 82' lang='lat' dir='ltr'><strong>mentionem</strong></span> 
     </span>
    </p>
   </div>
   <div class='ocr_carea' id='block_1_96' title="bbox 945 1485 1737 1522">
    <p class='ocr_par' dir='ltr' id='par_1_96' title="bbox 945 1485 1737 1522">
     <span class='ocr_line' id='line_1_98' title="bbox 945 1485 1737 1522; baseline 0.005 -11"><span class='ocrx_word' id='word_1_631' title='bbox 945 1485 973 1522; x_wconf 84' lang='lat' dir='ltr'><strong>in</strong></span> <span class='ocrx_word' id='word_1_632' title='bbox 992 1485 1145 1522; x_wconf 87' lang='lat' dir='ltr'><strong>Alp_honso,</strong></span> <span class='ocrx_word' id='word_1_633' title='bbox 1158 1491 1206 1513; x_wconf 86' lang='lat' dir='ltr'><strong>aut</strong></span> <span class='ocrx_word' id='word_1_634' title='bbox 1224 1488 1251 1514; x_wconf 91' lang='lat' dir='ltr'><strong>in</strong></span> <span class='ocrx_word' id='word_1_635' title='bbox 1274 1485 1389 1522; x_wconf 75' lang='lat' dir='ltr'><strong>Eugenii</strong></span> <span class='ocrx_word' id='word_1_636' title='bbox 1405 1485 1466 1514; x_wconf 79' lang='lat' dir='ltr'><strong>Vita</strong></span> <span class='ocrx_word' id='word_1_637' title='bbox 1479 1488 1614 1515; x_wconf 79' lang='lat' dir='ltr'><strong>fecerunt.</strong></span> <span class='ocrx_word' id='word_1_638' title='bbox 1627 1487 1737 1515; x_wconf 86' lang='lat' dir='ltr'><strong>Brevis-</strong></span> 
     </span>
    </p>
   </div>
   <div class='ocr_carea' id='block_1_97' title="bbox 945 1520 1736 1557">
    <p class='ocr_par' dir='ltr' id='par_1_97' title="bbox 945 1520 1736 1557">
     <span class='ocr_line' id='line_1_99' title="bbox 945 1520 1736 1557; baseline 0.005 -11"><span class='ocrx_word' id='word_1_639' title='bbox 945 1520 1015 1547; x_wconf 83' lang='lat' dir='ltr'><strong>sime</strong></span> <span class='ocrx_word' id='word_1_640' title='bbox 1031 1520 1157 1557; x_wconf 60' lang='lat' dir='ltr'><strong>Joannes</strong></span> <span class='ocrx_word' id='word_1_641' title='bbox 1179 1523 1299 1550; x_wconf 84' lang='lat' dir='ltr'><strong>Mariana</strong></span> <span class='ocrx_word' id='word_1_642' title='bbox 1318 1520 1364 1550; x_wconf 82' lang='lat' dir='ltr'><strong>lib.</strong></span> <span class='ocrx_word' id='word_1_643' title='bbox 1386 1531 1411 1550; x_wconf 87' lang='lat' dir='ltr'><strong>tv</strong></span> <span class='ocrx_word' id='word_1_644' title='bbox 1430 1523 1467 1550; x_wconf 86' lang='lat' dir='ltr'><strong>De</strong></span> <span class='ocrx_word' id='word_1_645' title='bbox 1484 1523 1559 1550; x_wconf 84' lang='lat' dir='ltr'><strong>rebus</strong></span> <span class='ocrx_word' id='word_1_646' title='bbox 1577 1523 1736 1557; x_wconf 65' lang='lat' dir='ltr'><strong>Ilispanite,</strong></span> 
     </span>
    </p>
   </div>
   <div class='ocr_carea' id='block_1_98' title="bbox 946 1555 1736 1595">
    <p class='ocr_par' dir='ltr' id='par_1_98' title="bbox 946 1555 1736 1595">
     <span class='ocr_line' id='line_1_100' title="bbox 946 1555 1736 1595; baseline 0.005 -13"><span class='ocrx_word' id='word_1_647' title='bbox 946 1563 1007 1595; x_wconf 77' lang='lat' dir='ltr'><strong>cap.</strong></span> <span class='ocrx_word' id='word_1_648' title='bbox 1024 1555 1040 1582; x_wconf 73' lang='grc'>4</span> <span class='ocrx_word' id='word_1_649' title='bbox 1051 1576 1058 1588; x_wconf 90' lang='grc'><em>,</em></span> <span class='ocrx_word' id='word_1_650' title='bbox 1078 1557 1119 1584; x_wconf 90' lang='lat' dir='ltr'><strong>his</strong></span> <span class='ocrx_word' id='word_1_651' title='bbox 1137 1558 1226 1585; x_wconf 85' lang='lat' dir='ltr'><strong>verbis</strong></span> <span class='ocrx_word' id='word_1_652' title='bbox 1240 1566 1246 1584; x_wconf 92' lang='lat'>:</span> <span class='ocrx_word' id='word_1_653' title='bbox 1266 1567 1274 1583; x_wconf 74' lang='grc' dir='ltr'><strong>ε</strong></span> <span class='ocrx_word' id='word_1_654' title='bbox 1290 1557 1364 1593; x_wconf 75' lang='lat' dir='ltr'><strong>Rege</strong></span> <span class='ocrx_word' id='word_1_655' title='bbox 1376 1555 1669 1595; x_wconf 63' lang='lat' dir='ltr'><strong>CastellmAlphonso,</strong></span> <span class='ocrx_word' id='word_1_656' title='bbox 1689 1561 1736 1594; x_wconf 89' lang='lat' dir='ltr'><strong>qui</strong></span> 
     </span>
    </p>
   </div>
   <div class='ocr_carea' id='block_1_99' title="bbox 946 1594 1735 1628">
    <p class='ocr_par' dir='ltr' id='par_1_99' title="bbox 946 1594 1735 1628">
     <span class='ocr_line' id='line_1_101' title="bbox 946 1594 1735 1628; baseline 0.004 -11"><span class='ocrx_word' id='word_1_657' title='bbox 946 1594 1095 1628; x_wconf 86' lang='lat' dir='ltr'><strong>i_mpcrat0r</strong></span> <span class='ocrx_word' id='word_1_658' title='bbox 1109 1596 1151 1619; x_wconf 89' lang='lat' dir='ltr'><strong>est</strong></span> <span class='ocrx_word' id='word_1_659' title='bbox 1167 1598 1351 1627; x_wconf 89' lang='lat' dir='ltr'><strong>nuncupatus,</strong></span> <span class='ocrx_word' id='word_1_660' title='bbox 1372 1594 1431 1628; x_wconf 87' lang='lat' dir='ltr'><strong>ejus</strong></span> <span class='ocrx_word' id='word_1_661' title='bbox 1460 1594 1602 1620; x_wconf 88' lang='lat' dir='ltr'><strong>brachium</strong></span> <span class='ocrx_word' id='word_1_662' title='bbox 1617 1594 1735 1628; x_wconf 89' lang='lat' dir='ltr'><strong>primum</strong></span> 
     </span>
    </p>
   </div>
   <div class='ocr_carea' id='block_1_100' title="bbox 947 1625 1737 1664">
    <p class='ocr_par' dir='ltr' id='par_1_100' title="bbox 947 1625 1737 1664">
     <span class='ocr_line' id='line_1_102' title="bbox 947 1625 1737 1664; baseline 0.005 -12"><span class='ocrx_word' id='word_1_663' title='bbox 947 1625 1071 1664; x_wconf 82' lang='lat' dir='ltr'><strong>Toletum</strong></span> <span class='ocrx_word' id='word_1_664' title='bbox 1082 1628 1196 1664; x_wconf 84' lang='lat' dir='ltr'><strong>relatum</strong></span> <span class='ocrx_word' id='word_1_665' title='bbox 1205 1625 1407 1659; x_wconf 44' lang='lat' dir='ltr'><strong>esu—Ludovico</strong></span> <span class='ocrx_word' id='word_1_666' title='bbox 1423 1628 1477 1661; x_wconf 86' lang='lat' dir='ltr'><strong>Vll,</strong></span> <span class='ocrx_word' id='word_1_667' title='bbox 1490 1628 1584 1664; x_wconf 79' lang='lat' dir='ltr'><strong>Galliae</strong></span> <span class='ocrx_word' id='word_1_668' title='bbox 1595 1625 1659 1664; x_wconf 74' lang='lat' dir='ltr'><strong>rege</strong></span> <span class='ocrx_word' id='word_1_669' title='bbox 1669 1637 1737 1656; x_wconf 86' lang='lat' dir='ltr'><strong>con-</strong></span> 
     </span>
    </p>
   </div>
   <div class='ocr_carea' id='block_1_101' title="bbox 945 1662 1737 1699">
    <p class='ocr_par' dir='ltr' id='par_1_101' title="bbox 945 1662 1737 1699">
     <span class='ocr_line' id='line_1_103' title="bbox 945 1662 1737 1699; baseline 0.004 -11"><span class='ocrx_word' id='word_1_670' title='bbox 945 1662 1071 1699; x_wconf 76' lang='lat' dir='ltr'><strong>cedente,</strong></span> <span class='ocrx_word' id='word_1_671' title='bbox 1088 1663 1116 1690; x_wconf 92' lang='lat' dir='ltr'><strong>in</strong></span> <span class='ocrx_word' id='word_1_672' title='bbox 1131 1664 1218 1690; x_wconf 83' lang='lat' dir='ltr'><strong>soceri</strong></span> <span class='ocrx_word' id='word_1_673' title='bbox 1237 1665 1308 1699; x_wconf 72' lang='lat' dir='ltr'><strong>regis</strong></span> <span class='ocrx_word' id='word_1_674' title='bbox 1324 1665 1451 1699; x_wconf 74' lang='lat' dir='ltr'><strong>gratiam,</strong></span> <span class='ocrx_word' id='word_1_675' title='bbox 1468 1667 1495 1691; x_wconf 88' lang='lat' dir='ltr'><strong>el.</strong></span> <span class='ocrx_word' id='word_1_676' title='bbox 1515 1662 1669 1699; x_wconf 64' lang='lat' dir='ltr'><strong>liaymundi</strong></span> <span class='ocrx_word' id='word_1_677' title='bbox 1683 1664 1737 1691; x_wconf 90' lang='lat' dir='ltr'><strong>To-</strong></span> 
     </span>
    </p>
   </div>
   <div class='ocr_carea' id='block_1_102' title="bbox 945 1696 1737 1735">
    <p class='ocr_par' dir='ltr' id='par_1_102' title="bbox 945 1696 1737 1735">
     <span class='ocr_line' id='line_1_104' title="bbox 945 1696 1737 1735; baseline 0.006 -13"><span class='ocrx_word' id='word_1_678' title='bbox 945 1696 1029 1735; x_wconf 72' lang='lat' dir='ltr'><strong>letani</strong></span> <span class='ocrx_word' id='word_1_679' title='bbox 1054 1699 1189 1735; x_wconf 73' lang='lat' dir='ltr'><strong>praesulis.</strong></span> <span class='ocrx_word' id='word_1_680' title='bbox 1211 1696 1353 1735; x_wconf 21' lang='lat' dir='ltr'><strong>Narniqtio</strong></span> <span class='ocrx_word' id='word_1_681' title='bbox 1373 1700 1397 1727; x_wconf 87' lang='lat' dir='ltr'><strong>is</strong></span> <span class='ocrx_word' id='word_1_682' title='bbox 1416 1703 1539 1734; x_wconf 87' lang='lat' dir='ltr'><strong>tempore</strong></span> <span class='ocrx_word' id='word_1_683' title='bbox 1557 1696 1683 1735; x_wconf 75' lang='lat' dir='ltr'><strong>Eugenio</strong></span> <span class='ocrx_word' id='word_1_684' title='bbox 1703 1699 1737 1727; x_wconf 86' lang='grc' dir='ltr'><strong>ΙΙΙ</strong></span> 
     </span>
    </p>
   </div>
   <div class='ocr_carea' id='block_1_103' title="bbox 945 1730 1737 1770">
    <p class='ocr_par' dir='ltr' id='par_1_103' title="bbox 945 1730 1737 1770">
     <span class='ocr_line' id='line_1_105' title="bbox 945 1730 1737 1770; baseline 0.008 -14"><span class='ocrx_word' id='word_1_685' title='bbox 945 1730 1212 1770; x_wconf 74' lang='lat' dir='ltr'><strong>Romanopontilice</strong></span> <span class='ocrx_word' id='word_1_686' title='bbox 1225 1734 1259 1761; x_wconf 88' lang='lat' dir='ltr'><strong>ad</strong></span> <span class='ocrx_word' id='word_1_687' title='bbox 1272 1730 1453 1762; x_wconf 67' lang='lat' dir='ltr'><strong>liliemensem</strong></span> <span class='ocrx_word' id='word_1_688' title='bbox 1467 1730 1660 1770; x_wconf 62' lang='lat' dir='ltr'><strong>episcoporum</strong></span> <span class='ocrx_word' id='word_1_689' title='bbox 1672 1743 1737 1762; x_wconf 92' lang='lat' dir='ltr'><strong>con-</strong></span> 
     </span>
    </p>
   </div>
   <div class='ocr_carea' id='block_1_104' title="bbox 944 1768 1737 1805">
    <p class='ocr_par' dir='ltr' id='par_1_104' title="bbox 944 1768 1737 1805">
     <span class='ocr_line' id='line_1_106' title="bbox 944 1768 1737 1805; baseline 0.005 -12"><span class='ocrx_word' id='word_1_690' title='bbox 944 1772 1056 1794; x_wconf 87' lang='lat' dir='ltr'><strong>ventum</strong></span> <span class='ocrx_word' id='word_1_691' title='bbox 1071 1768 1232 1801; x_wconf 86' lang='lat' dir='ltr'><strong>festinabat,</strong></span> <span class='ocrx_word' id='word_1_692' title='bbox 1243 1777 1275 1796; x_wconf 81' lang='lat' dir='ltr'><strong>ex</strong></span> <span class='ocrx_word' id='word_1_693' title='bbox 1291 1769 1388 1797; x_wconf 86' lang='lat' dir='ltr'><strong>itinere</strong></span> <span class='ocrx_word' id='word_1_694' title='bbox 1401 1778 1458 1797; x_wconf 88' lang='lat' dir='ltr'><strong>rem</strong></span> <span class='ocrx_word' id='word_1_695' title='bbox 1472 1768 1581 1797; x_wconf 77' lang='lat' dir='ltr'><strong>omnem</strong></span> <span class='ocrx_word' id='word_1_696' title='bbox 1596 1770 1629 1798; x_wconf 88' lang='lat' dir='ltr'><strong>de</strong></span> <span class='ocrx_word' id='word_1_697' title='bbox 1639 1769 1737 1805; x_wconf 88' lang='lat' dir='ltr'><strong>llispa-</strong></span> 
     </span>
    </p>
   </div>
   <div class='ocr_carea' id='block_1_105' title="bbox 945 1805 1733 1841">
    <p class='ocr_par' dir='ltr' id='par_1_105' title="bbox 945 1805 1733 1841">
     <span class='ocr_line' id='line_1_107' title="bbox 945 1805 1733 1841; baseline 0.005 -13"><span class='ocrx_word' id='word_1_698' title='bbox 945 1809 1053 1841; x_wconf 42' lang='lat' dir='ltr'><strong>norum“</strong></span> <span class='ocrx_word' id='word_1_699' title='bbox 1068 1805 1200 1841; x_wconf 82' lang='lat' dir='ltr'><strong>memoria</strong></span> <span class='ocrx_word' id='word_1_700' title='bbox 1232 1805 1416 1841; x_wconf 78' lang='lat' dir='ltr'><strong>oblitteratam</strong></span> <span class='ocrx_word' id='word_1_701' title='bbox 1429 1812 1552 1841; x_wconf 49' lang='lat' dir='ltr'><strong>praesens</strong></span> <span class='ocrx_word' id='word_1_702' title='bbox 1571 1806 1733 1841; x_wconf 77' lang='lat' dir='ltr'><strong>explorave-</strong></span> 
     </span>
    </p>
   </div>
   <div class='ocr_carea' id='block_1_106' title="bbox 945 1837 1737 1876">
    <p class='ocr_par' dir='ltr' id='par_1_106' title="bbox 945 1837 1737 1876">
     <span class='ocr_line' id='line_1_108' title="bbox 945 1837 1737 1876; baseline 0.005 -12"><span class='ocrx_word' id='word_1_703' title='bbox 945 1841 1014 1876; x_wconf 65' lang='lat' dir='ltr'><strong>rat.»</strong></span> <span class='ocrx_word' id='word_1_704' title='bbox 1034 1837 1133 1876; x_wconf 82' lang='lat' dir='ltr'><strong>Fusius</strong></span> <span class='ocrx_word' id='word_1_705' title='bbox 1150 1843 1242 1876; x_wconf 84' lang='lat' dir='ltr'><strong>autem</strong></span> <span class='ocrx_word' id='word_1_706' title='bbox 1255 1840 1304 1876; x_wconf 73' lang='lat' dir='ltr'><strong>lib.</strong></span> <span class='ocrx_word' id='word_1_707' title='bbox 1319 1848 1358 1872; x_wconf 72' lang='grc' dir='ltr'><strong>χι,</strong></span> <span class='ocrx_word' id='word_1_708' title='bbox 1372 1837 1438 1876; x_wconf 62' lang='grc' dir='ltr'><strong>θερί</strong></span> <span class='ocrx_word' id='word_1_709' title='bbox 1448 1841 1474 1867; x_wconf 83' lang='grc'><strong>5.</strong></span> <span class='ocrx_word' id='word_1_710' title='bbox 1493 1837 1622 1876; x_wconf 76' lang='lat' dir='ltr'><strong>Eamdeni</strong></span> <span class='ocrx_word' id='word_1_711' title='bbox 1637 1848 1737 1868; x_wconf 87' lang='lat' dir='ltr'><strong>secun-</strong></span> 
     </span>
    </p>
   </div>
   <div class='ocr_carea' id='block_1_107' title="bbox 945 1872 1737 1910">
    <p class='ocr_par' dir='ltr' id='par_1_107' title="bbox 945 1872 1737 1910">
     <span class='ocr_line' id='line_1_109' title="bbox 945 1872 1737 1910; baseline 0.005 -11"><span class='ocrx_word' id='word_1_712' title='bbox 945 1872 1008 1910; x_wconf 69' lang='lat' dir='ltr'><strong>dam</strong></span> <span class='ocrx_word' id='word_1_713' title='bbox 1041 1874 1249 1910; x_wconf 64' lang='lat' dir='ltr'><strong>translationem</strong></span> <span class='ocrx_word' id='word_1_714' title='bbox 1290 1872 1510 1910; x_wconf 63' lang='lat' dir='ltr'><strong>descripserunt!</strong></span> <span class='ocrx_word' id='word_1_715' title='bbox 1528 1875 1676 1910; x_wconf 83' lang='lat' dir='ltr'><strong>Hispanice</strong></span> <span class='ocrx_word' id='word_1_716' title='bbox 1708 1877 1737 1903; x_wconf 93' lang='lat' dir='ltr'><strong>in</strong></span> 
     </span>
    </p>
   </div>
   <div class='ocr_carea' id='block_1_108' title="bbox 946 1907 1738 1946">
    <p class='ocr_par' dir='ltr' id='par_1_108' title="bbox 946 1907 1738 1946">
     <span class='ocr_line' id='line_1_110' title="bbox 946 1907 1738 1946; baseline 0.005 -11"><span class='ocrx_word' id='word_1_717' title='bbox 946 1907 1007 1935; x_wconf 78' lang='lat' dir='ltr'><strong>Vita</strong></span> <span class='ocrx_word' id='word_1_718' title='bbox 1035 1907 1063 1935; x_wconf 68' lang='grc' dir='ltr'><strong>ὃ.</strong></span> <span class='ocrx_word' id='word_1_719' title='bbox 1090 1909 1221 1946; x_wconf 70' lang='lat' dir='ltr'><strong>Eugenii,</strong></span> <span class='ocrx_word' id='word_1_720' title='bbox 1246 1907 1404 1946; x_wconf 71' lang='lat' dir='ltr'><strong>Alphonsris</strong></span> <span class='ocrx_word' id='word_1_721' title='bbox 1427 1911 1460 1938; x_wconf 85' lang='lat' dir='ltr'><strong>de</strong></span> <span class='ocrx_word' id='word_1_722' title='bbox 1472 1907 1591 1946; x_wconf 76' lang='lat' dir='ltr'><strong>Villegas</strong></span> <span class='ocrx_word' id='word_1_723' title='bbox 1608 1912 1635 1937; x_wconf 94' lang='lat' dir='ltr'><strong>in</strong></span> <span class='ocrx_word' id='word_1_724' title='bbox 1657 1911 1738 1939; x_wconf 81' lang='lat' dir='ltr'><strong>Flore</strong></span> 
     </span>
    </p>
   </div>
   <div class='ocr_carea' id='block_1_109' title="bbox 944 1944 1736 1976">
    <p class='ocr_par' dir='ltr' id='par_1_109' title="bbox 944 1944 1736 1976">
     <span class='ocr_line' id='line_1_111' title="bbox 944 1944 1736 1976; baseline 0.003 -6"><span class='ocrx_word' id='word_1_725' title='bbox 944 1948 1108 1976; x_wconf 74' lang='lat' dir='ltr'><strong>sanctorum,</strong></span> <span class='ocrx_word' id='word_1_726' title='bbox 1120 1944 1147 1972; x_wconf 80' lang='lat' dir='ltr'><strong>et</strong></span> <span class='ocrx_word' id='word_1_727' title='bbox 1157 1944 1254 1973; x_wconf 89' lang='lat' dir='ltr'><strong>Petrus</strong></span> <span class='ocrx_word' id='word_1_728' title='bbox 1273 1944 1457 1973; x_wconf 85' lang='lat' dir='ltr'><strong>Ribadeneira</strong></span> <span class='ocrx_word' id='word_1_729' title='bbox 1473 1947 1500 1972; x_wconf 93' lang='lat' dir='ltr'><strong>in</strong></span> <span class='ocrx_word' id='word_1_730' title='bbox 1524 1944 1591 1973; x_wconf 82' lang='lat' dir='ltr'><strong>Vitis</strong></span> <span class='ocrx_word' id='word_1_731' title='bbox 1611 1953 1736 1973; x_wconf 65' lang='lat' dir='ltr'><strong>extrava-</strong></span> 
     </span>
    </p>
   </div>
   <div class='ocr_carea' id='block_1_110' title="bbox 944 1979 1737 2016">
    <p class='ocr_par' dir='ltr' id='par_1_110' title="bbox 944 1979 1737 2016">
     <span class='ocr_line' id='line_1_112' title="bbox 944 1979 1737 2016; baseline 0.005 -11"><span class='ocrx_word' id='word_1_732' title='bbox 944 1979 1086 2016; x_wconf 47' lang='lat' dir='ltr'><strong>gantibus.</strong></span> <span class='ocrx_word' id='word_1_733' title='bbox 1094 1980 1162 2007; x_wconf 87' lang='lat' dir='ltr'><strong>Vide</strong></span> <span class='ocrx_word' id='word_1_734' title='bbox 1176 1981 1257 2007; x_wconf 88' lang='lat' dir='ltr'><strong>etiam</strong></span> <span class='ocrx_word' id='word_1_735' title='bbox 1273 1982 1385 2016; x_wconf 86' lang='lat' dir='ltr'><strong>copiose</strong></span> <span class='ocrx_word' id='word_1_736' title='bbox 1396 1982 1468 2016; x_wconf 88' lang='lat' dir='ltr'><strong>apud</strong></span> <span class='ocrx_word' id='word_1_737' title='bbox 1478 1981 1611 2009; x_wconf 87' lang='lat' dir='ltr'><strong>Thomam</strong></span> <span class='ocrx_word' id='word_1_738' title='bbox 1622 1982 1656 2009; x_wconf 91' lang='lat' dir='ltr'><strong>de</strong></span> <span class='ocrx_word' id='word_1_739' title='bbox 1667 1981 1737 2009; x_wconf 93' lang='lat' dir='ltr'><strong>Tru-</strong></span> 
     </span>
    </p>
   </div>
   <div class='ocr_carea' id='block_1_111' title="bbox 945 2015 1579 2049">
    <p class='ocr_par' dir='ltr' id='par_1_111' title="bbox 945 2015 1579 2049">
     <span class='ocr_line' id='line_1_113' title="bbox 945 2015 1579 2049; baseline 0.005 -8"><span class='ocrx_word' id='word_1_740' title='bbox 945 2015 1010 2049; x_wconf 79' lang='lat' dir='ltr'><strong>gillo</strong></span> <span class='ocrx_word' id='word_1_741' title='bbox 1022 2015 1049 2041; x_wconf 91' lang='lat' dir='ltr'><strong>in</strong></span> <span class='ocrx_word' id='word_1_742' title='bbox 1066 2015 1200 2042; x_wconf 79' lang='lat' dir='ltr'><strong>Thesauro</strong></span> <span class='ocrx_word' id='word_1_743' title='bbox 1217 2015 1444 2048; x_wconf 76' lang='lat' dir='ltr'><strong>concionatorum,</strong></span> <span class='ocrx_word' id='word_1_744' title='bbox 1458 2023 1532 2044; x_wconf 86' lang='lat' dir='ltr'><strong>tomo</strong></span> <span class='ocrx_word' id='word_1_745' title='bbox 1548 2017 1579 2044; x_wconf 89' lang='lat' dir='ltr'><strong>ll.</strong></span> 
     </span>
    </p>
   </div>
   <div class='ocr_carea' id='block_1_112' title="bbox 981 2050 1734 2112">
    <p class='ocr_par' dir='ltr' id='par_1_112' title="bbox 981 2050 1734 2112">
     <span class='ocr_line' id='line_1_114' title="bbox 981 2050 1734 2112; baseline 0.005 -36"><span class='ocrx_word' id='word_1_746' title='bbox 981 2050 1037 2112; x_wconf 50' lang='lat'><strong>(497)</strong></span> <span class='ocrx_word' id='word_1_747' title='bbox 1053 2050 1173 2078; x_wconf 85' lang='lat' dir='ltr'><strong>Joannes</strong></span> <span class='ocrx_word' id='word_1_748' title='bbox 1188 2050 1309 2078; x_wconf 82' lang='lat' dir='ltr'><strong>Mariana</strong></span> <span class='ocrx_word' id='word_1_749' title='bbox 1325 2052 1371 2079; x_wconf 87' lang='lat' dir='ltr'><strong>lib.</strong></span> <span class='ocrx_word' id='word_1_750' title='bbox 1388 2060 1414 2079; x_wconf 84' lang='lat' dir='ltr'><strong>tv</strong></span> <span class='ocrx_word' id='word_1_751' title='bbox 1442 2052 1479 2079; x_wconf 88' lang='lat' dir='ltr'><strong>De</strong></span> <span class='ocrx_word' id='word_1_752' title='bbox 1492 2052 1569 2080; x_wconf 77' lang='lat' dir='ltr'><strong>rebus</strong></span> <span class='ocrx_word' id='word_1_753' title='bbox 1585 2051 1734 2087; x_wconf 76' lang='lat' dir='ltr'><strong>Ilispaniw.</strong></span> 
     </span>
    </p>
   </div>
   <div class='ocr_carea' id='block_1_113' title="bbox 944 2093 1011 2113">
    <p class='ocr_par' dir='ltr' id='par_1_113' title="bbox 944 2093 1011 2113">
     <span class='ocr_line' id='line_1_115' title="bbox 944 2093 1011 2113; baseline -0.015 0"><span class='ocrx_word' id='word_1_754' title='bbox 944 2093 969 2113; x_wconf 73' lang='grc' dir='ltr'><strong>(Σ.</strong></span> <span class='ocrx_word' id='word_1_755' title='bbox 985 2093 1011 2112; x_wconf 78' lang='lat'><strong>4.</strong></span> 
     </span>
    </p>
   </div>
   <div class='ocr_carea' id='block_1_114' title="bbox 981 2121 1736 2157">
    <p class='ocr_par' dir='ltr' id='par_1_114' title="bbox 981 2121 1736 2157">
     <span class='ocr_line' id='line_1_116' title="bbox 981 2121 1736 2157; baseline 0.004 -10"><span class='ocrx_word' id='word_1_756' title='bbox 981 2121 1038 2156; x_wconf 89' lang='lat'><strong>(98)</strong></span> <span class='ocrx_word' id='word_1_757' title='bbox 1061 2121 1117 2149; x_wconf 72' lang='lat' dir='ltr'><strong>Nec</strong></span> <span class='ocrx_word' id='word_1_758' title='bbox 1140 2131 1198 2150; x_wconf 71' lang='lat' dir='ltr'><strong>vero</strong></span> <span class='ocrx_word' id='word_1_759' title='bbox 1220 2124 1332 2150; x_wconf 78' lang='lat' dir='ltr'><strong>cessavit</strong></span> <span class='ocrx_word' id='word_1_760' title='bbox 1355 2122 1478 2157; x_wconf 81' lang='lat' dir='ltr'><strong>Hispana</strong></span> <span class='ocrx_word' id='word_1_761' title='bbox 1496 2124 1591 2157; x_wconf 78' lang='lat' dir='ltr'><strong>pietas,</strong></span> <span class='ocrx_word' id='word_1_762' title='bbox 1610 2127 1665 2150; x_wconf 89' lang='lat' dir='ltr'><strong>etc.</strong></span> <span class='ocrx_word' id='word_1_763' title='bbox 1686 2123 1736 2150; x_wconf 85' lang='lat' dir='ltr'><strong>llic</strong></span> 
     </span>
    </p>
   </div>
   <div class='ocr_carea' id='block_1_115' title="bbox 944 2156 1734 2187">
    <p class='ocr_par' dir='ltr' id='par_1_115' title="bbox 944 2156 1734 2187">
     <span class='ocr_line' id='line_1_117' title="bbox 944 2156 1734 2187; baseline 0.003 -4"><span class='ocrx_word' id='word_1_764' title='bbox 944 2156 1112 2184; x_wconf 85' lang='lat' dir='ltr'><strong>describitur</strong></span> <span class='ocrx_word' id='word_1_765' title='bbox 1130 2159 1210 2185; x_wconf 86' lang='lat' dir='ltr'><strong>tertia</strong></span> <span class='ocrx_word' id='word_1_766' title='bbox 1232 2159 1376 2187; x_wconf 87' lang='lat' dir='ltr'><strong>translatio</strong></span> <span class='ocrx_word' id='word_1_767' title='bbox 1400 2156 1557 2186; x_wconf 77' lang='lat' dir='ltr'><strong>earumdem</strong></span> <span class='ocrx_word' id='word_1_768' title='bbox 1576 2163 1734 2185; x_wconf 73' lang='lat' dir='ltr'><strong>sam-tarum</strong></span> 
     </span>
    </p>
   </div>
   <div class='ocr_carea' id='block_1_116' title="bbox 944 2192 1735 2229">
    <p class='ocr_par' dir='ltr' id='par_1_116' title="bbox 944 2192 1735 2229">
     <span class='ocr_line' id='line_1_118' title="bbox 944 2192 1735 2229; baseline 0.003 -11"><span class='ocrx_word' id='word_1_769' title='bbox 944 2192 1123 2226; x_wconf 86' lang='lat' dir='ltr'><strong>reliquiarum</strong></span> <span class='ocrx_word' id='word_1_770' title='bbox 1136 2193 1166 2219; x_wconf 83' lang='grc' dir='ltr'><strong>Β.</strong></span> <span class='ocrx_word' id='word_1_771' title='bbox 1181 2194 1305 2229; x_wconf 75' lang='lat' dir='ltr'><strong>Eugenii,</strong></span> <span class='ocrx_word' id='word_1_772' title='bbox 1317 2194 1374 2221; x_wconf 89' lang='lat' dir='ltr'><strong>sive</strong></span> <span class='ocrx_word' id='word_1_773' title='bbox 1391 2194 1475 2221; x_wconf 86' lang='lat' dir='ltr'><strong>totius</strong></span> <span class='ocrx_word' id='word_1_774' title='bbox 1488 2194 1586 2229; x_wconf 78' lang='lat' dir='ltr'><strong>reliqui</strong></span> <span class='ocrx_word' id='word_1_775' title='bbox 1600 2194 1735 2229; x_wconf 82' lang='lat' dir='ltr'><strong>corporis,</strong></span> 
     </span>
    </p>
   </div>
   <div class='ocr_carea' id='block_1_117' title="bbox 944 2228 1737 2263">
    <p class='ocr_par' dir='ltr' id='par_1_117' title="bbox 944 2228 1737 2263">
     <span class='ocr_line' id='line_1_119' title="bbox 944 2228 1737 2263; baseline 0.004 -10"><span class='ocrx_word' id='word_1_776' title='bbox 944 2232 1077 2262; x_wconf 90' lang='lat' dir='ltr'><strong>quantum</strong></span> <span class='ocrx_word' id='word_1_777' title='bbox 1094 2229 1204 2263; x_wconf 90' lang='lat' dir='ltr'><strong>quidem</strong></span> <span class='ocrx_word' id='word_1_778' title='bbox 1222 2228 1338 2257; x_wconf 68' lang='lat' dir='ltr'><strong>Lutetiae</strong></span> <span class='ocrx_word' id='word_1_779' title='bbox 1363 2233 1428 2256; x_wconf 83' lang='lat' dir='ltr'><strong>lllllc</strong></span> <span class='ocrx_word' id='word_1_780' title='bbox 1440 2233 1508 2256; x_wconf 76' lang='lat' dir='ltr'><strong>erat.</strong></span> <span class='ocrx_word' id='word_1_781' title='bbox 1527 2228 1609 2256; x_wconf 83' lang='lat' dir='ltr'><strong>Facta</strong></span> <span class='ocrx_word' id='word_1_782' title='bbox 1625 2228 1667 2256; x_wconf 79' lang='lat' dir='ltr'><strong>est</strong></span> <span class='ocrx_word' id='word_1_783' title='bbox 1687 2237 1737 2256; x_wconf 90' lang='lat' dir='ltr'><strong>au-</strong></span> 
     </span>
    </p>
   </div>
   <div class='ocr_carea' id='block_1_118' title="bbox 945 2263 1734 2299">
    <p class='ocr_par' dir='ltr' id='par_1_118' title="bbox 945 2263 1734 2299">
     <span class='ocr_line' id='line_1_120' title="bbox 945 2263 1734 2299; baseline 0.003 -11"><span class='ocrx_word' id='word_1_784' title='bbox 945 2266 999 2299; x_wconf 75' lang='lat' dir='ltr'><strong>tem</strong></span> <span class='ocrx_word' id='word_1_785' title='bbox 1013 2269 1110 2296; x_wconf 79' lang='lat' dir='ltr'><strong>rogatu</strong></span> <span class='ocrx_word' id='word_1_786' title='bbox 1126 2263 1244 2299; x_wconf 86' lang='lat' dir='ltr'><strong>Philippi</strong></span> <span class='ocrx_word' id='word_1_787' title='bbox 1256 2264 1278 2292; x_wconf 90' lang='lat' dir='ltr'><strong>ll</strong></span> <span class='ocrx_word' id='word_1_788' title='bbox 1293 2265 1365 2299; x_wconf 81' lang='lat' dir='ltr'><strong>regis</strong></span> <span class='ocrx_word' id='word_1_789' title='bbox 1381 2264 1586 2299; x_wconf 85' lang='lat' dir='ltr'><strong>Hispaniarum,</strong></span> <span class='ocrx_word' id='word_1_790' title='bbox 1600 2272 1661 2299; x_wconf 87' lang='lat' dir='ltr'><strong>cap.</strong></span> <span class='ocrx_word' id='word_1_791' title='bbox 1678 2273 1734 2291; x_wconf 71' lang='lat' dir='ltr'><strong>ut.</strong></span> 
     </span>
    </p>
   </div>
   <div class='ocr_carea' id='block_1_119' title="bbox 103 2296 1737 2340">
    <p class='ocr_par' dir='ltr' id='par_1_119' title="bbox 103 2296 1737 2340">
     <span class='ocr_line' id='line_1_121' title="bbox 103 2296 1737 2340; baseline 0 -13"><span class='ocrx_word' id='word_1_792' title='bbox 103 2300 211 2340; x_wconf 59' lang='lat' dir='ltr'><strong>decimo</strong></span> <span class='ocrx_word' id='word_1_793' title='bbox 234 2301 349 2340; x_wconf 84' lang='lat' dir='ltr'><strong>septimo</strong></span> <span class='ocrx_word' id='word_1_794' title='bbox 365 2296 501 2327; x_wconf 72' lang='lat' dir='ltr'><strong>Kalendas</strong></span> <span class='ocrx_word' id='word_1_795' title='bbox 522 2299 699 2340; x_wconf 69' lang='lat' dir='ltr'><strong>Decembris,</strong></span> <span class='ocrx_word' id='word_1_796' title='bbox 716 2296 768 2340; x_wconf 78' lang='lat' dir='ltr'><strong>sub</strong></span> <span class='ocrx_word' id='word_1_797' title='bbox 789 2305 844 2334; x_wconf 91' lang='lat' dir='ltr'><strong>quo</strong></span> <span class='ocrx_word' id='word_1_798' title='bbox 866 2301 893 2325; x_wconf 90' lang='lat' dir='ltr'><strong>et</strong></span> <span class='ocrx_word' id='word_1_799' title='bbox 909 2296 931 2323; x_wconf 91' lang='lat' dir='ltr'><strong>D</strong></span> <span class='ocrx_word' id='word_1_800' title='bbox 945 2296 1034 2340; x_wconf 79' lang='lat' dir='ltr'><strong>Hujus</strong></span> <span class='ocrx_word' id='word_1_801' title='bbox 1049 2296 1240 2339; x_wconf 76' lang='lat' dir='ltr'><strong>translationis</strong></span> <span class='ocrx_word' id='word_1_802' title='bbox 1255 2296 1342 2328; x_wconf 72' lang='lat' dir='ltr'><strong>multo</strong></span> <span class='ocrx_word' id='word_1_803' title='bbox 1355 2296 1535 2340; x_wconf 60' lang='lat' dir='ltr'><strong>nobilissimas</strong></span> <span class='ocrx_word' id='word_1_804' title='bbox 1544 2296 1642 2327; x_wconf 78' lang='lat' dir='ltr'><strong>oinnes</strong></span> <span class='ocrx_word' id='word_1_805' title='bbox 1652 2307 1737 2340; x_wconf 75' lang='lat' dir='ltr'><strong>prope</strong></span> 
     </span>
    </p>
   </div>
   <div class='ocr_carea' id='block_1_120' title="bbox 102 2334 895 2371">
    <p class='ocr_par' dir='ltr' id='par_1_120' title="bbox 102 2334 895 2371">
     <span class='ocr_line' id='line_1_122' title="bbox 102 2334 895 2371; baseline -0.003 -9"><span class='ocrx_word' id='word_1_806' title='bbox 102 2335 134 2362; x_wconf 88' lang='lat' dir='ltr'><strong>B.</strong></span> <span class='ocrx_word' id='word_1_807' title='bbox 153 2334 300 2371; x_wconf 78' lang='lat' dir='ltr'><strong>Dionysius</strong></span> <span class='ocrx_word' id='word_1_808' title='bbox 316 2344 414 2370; x_wconf 85' lang='lat' dir='ltr'><strong>passus</strong></span> <span class='ocrx_word' id='word_1_809' title='bbox 430 2340 483 2362; x_wconf 85' lang='lat' dir='ltr'><strong>est.</strong></span> <span class='ocrx_word' id='word_1_810' title='bbox 500 2344 509 2360; x_wconf 74' lang='grc' dir='ltr'><strong><em>ι</em></strong></span> <span class='ocrx_word' id='word_1_811' title='bbox 535 2334 604 2371; x_wconf 67' lang='lat' dir='ltr'><strong>Fuit</strong></span> <span class='ocrx_word' id='word_1_812' title='bbox 621 2335 678 2361; x_wconf 54' lang='lat' dir='ltr'><strong>haec</strong></span> <span class='ocrx_word' id='word_1_813' title='bbox 694 2335 782 2371; x_wconf 75' lang='lat' dir='ltr'><strong>prim_a</strong></span> <span class='ocrx_word' id='word_1_814' title='bbox 806 2338 895 2371; x_wconf 80' lang='lat' dir='ltr'><strong>trans-</strong></span> 
     </span>
    </p>
   </div>
   <div class='ocr_carea' id='block_1_121' title="bbox 103 2369 893 2405">
    <p class='ocr_par' dir='ltr' id='par_1_121' title="bbox 103 2369 893 2405">
     <span class='ocr_line' id='line_1_123' title="bbox 103 2369 893 2405; baseline -0.005 -7"><span class='ocrx_word' id='word_1_815' title='bbox 103 2371 188 2401; x_wconf 86' lang='lat' dir='ltr'><strong>latio,</strong></span> <span class='ocrx_word' id='word_1_816' title='bbox 205 2369 286 2405; x_wconf 81' lang='lat' dir='ltr'><strong>quam</strong></span> <span class='ocrx_word' id='word_1_817' title='bbox 302 2369 384 2398; x_wconf 77' lang='lat' dir='ltr'><strong>etiam</strong></span> <span class='ocrx_word' id='word_1_818' title='bbox 407 2375 561 2405; x_wconf 81' lang='lat' dir='ltr'><strong>agnoscunt</strong></span> <span class='ocrx_word' id='word_1_819' title='bbox 581 2370 705 2397; x_wconf 80' lang='lat' dir='ltr'><strong>Molanus</strong></span> <span class='ocrx_word' id='word_1_820' title='bbox 718 2373 745 2396; x_wconf 78' lang='lat' dir='ltr'><strong>ct</strong></span> <span class='ocrx_word' id='word_1_821' title='bbox 760 2369 893 2405; x_wconf 77' lang='lat' dir='ltr'><strong>Baronius</strong></span> 
     </span>
    </p>
   </div>
   <div class='ocr_carea' id='block_1_122' title="bbox 103 2403 895 2440">
    <p class='ocr_par' dir='ltr' id='par_1_122' title="bbox 103 2403 895 2440">
     <span class='ocr_line' id='line_1_124' title="bbox 103 2403 895 2440; baseline -0.004 -7"><span class='ocrx_word' id='word_1_822' title='bbox 103 2406 133 2433; x_wconf 87' lang='lat' dir='ltr'><strong>in</strong></span> <span class='ocrx_word' id='word_1_823' title='bbox 149 2403 444 2433; x_wconf 41' lang='lat' dir='ltr'><strong>suis&#39;Adriotationibus</strong></span> <span class='ocrx_word' id='word_1_824' title='bbox 464 2405 498 2431; x_wconf 81' lang='lat' dir='ltr'><strong>od</strong></span> <span class='ocrx_word' id='word_1_825' title='bbox 513 2404 707 2440; x_wconf 82' lang='lat' dir='ltr'><strong>Martyrologia</strong></span> <span class='ocrx_word' id='word_1_826' title='bbox 718 2425 725 2436; x_wconf 95' lang='lat'><strong>,</strong></span> <span class='ocrx_word' id='word_1_827' title='bbox 742 2405 774 2431; x_wconf 86' lang='lat' dir='ltr'><strong>ad</strong></span> <span class='ocrx_word' id='word_1_828' title='bbox 792 2404 826 2440; x_wconf 64' lang='grc'><strong>15</strong></span> <span class='ocrx_word' id='word_1_829' title='bbox 839 2403 895 2430; x_wconf 85' lang='grc' dir='ltr'><strong>Νο-</strong></span> 
     </span>
    </p>
   </div>
   <div class='ocr_carea' id='block_1_123' title="bbox 103 2439 895 2481">
    <p class='ocr_par' dir='ltr' id='par_1_123' title="bbox 103 2439 895 2481">
     <span class='ocr_line' id='line_1_125' title="bbox 103 2439 895 2481; baseline -0.003 -14"><span class='ocrx_word' id='word_1_830' title='bbox 103 2440 405 2481; x_wconf 34' lang='lat' dir='ltr'><strong>vembris,etﬂloanncs</strong></span> <span class='ocrx_word' id='word_1_831' title='bbox 418 2441 540 2467; x_wconf 81' lang='lat' dir='ltr'><strong>Mariana</strong></span> <span class='ocrx_word' id='word_1_832' title='bbox 554 2439 602 2467; x_wconf 84' lang='lat' dir='ltr'><strong>lib.</strong></span> <span class='ocrx_word' id='word_1_833' title='bbox 618 2448 634 2466; x_wconf 89' lang='lat' dir='ltr'><strong>x</strong></span> <span class='ocrx_word' id='word_1_834' title='bbox 649 2442 687 2467; x_wconf 86' lang='lat' dir='ltr'><strong>De</strong></span> <span class='ocrx_word' id='word_1_835' title='bbox 701 2440 777 2467; x_wconf 81' lang='lat' dir='ltr'><strong>rebus</strong></span> <span class='ocrx_word' id='word_1_836' title='bbox 794 2439 895 2472; x_wconf 75' lang='lat' dir='ltr'><strong>Hispa-</strong></span> 
     </span>
    </p>
   </div>
   <div class='ocr_carea' id='block_1_124' title="bbox 103 2476 895 2547">
    <p class='ocr_par' dir='ltr' id='par_1_124' title="bbox 103 2476 895 2547">
     <span class='ocr_line' id='line_1_126' title="bbox 103 2476 304 2511; baseline 0.005 -9"><span class='ocrx_word' id='word_1_837' title='bbox 103 2477 166 2507; x_wconf 73' lang='lat' dir='ltr'><strong>uiw,</strong></span> <span class='ocrx_word' id='word_1_838' title='bbox 183 2483 243 2511; x_wconf 85' lang='lat' dir='ltr'><strong>cap.</strong></span> <span class='ocrx_word' id='word_1_839' title='bbox 258 2476 304 2503; x_wconf 72' lang='lat'><strong>20.</strong></span> 
     </span>
     <span class='ocr_line' id='line_1_127' title="bbox 140 2509 895 2547; baseline -0.004 -8"><span class='ocrx_word' id='word_1_840' title='bbox 140 2511 196 2547; x_wconf 62' lang='grc' dir='ltr'><strong>(αὖ)</strong></span> <span class='ocrx_word' id='word_1_841' title='bbox 217 2511 270 2545; x_wconf 82' lang='lat' dir='ltr'><strong>Qui</strong></span> <span class='ocrx_word' id='word_1_842' title='bbox 283 2511 306 2538; x_wconf 85' lang='lat' dir='ltr'><strong>ei</strong></span> <span class='ocrx_word' id='word_1_843' title='bbox 323 2511 436 2538; x_wconf 82' lang='lat' dir='ltr'><strong>concilio</strong></span> <span class='ocrx_word' id='word_1_844' title='bbox 452 2515 565 2544; x_wconf 75' lang='lat' dir='ltr'><strong>prmerat</strong></span> <span class='ocrx_word' id='word_1_845' title='bbox 580 2509 728 2545; x_wconf 78' lang='lat' dir='ltr'><strong>Stephanus</strong></span> <span class='ocrx_word' id='word_1_846' title='bbox 744 2510 895 2537; x_wconf 81' lang='lat' dir='ltr'><strong>Leodiensis</strong></span> 
     </span>
    </p>
   </div>
   <div class='ocr_carea' id='block_1_125' title="bbox 946 2334 1735 2370">
    <p class='ocr_par' dir='ltr' id='par_1_125' title="bbox 946 2334 1735 2370">
     <span class='ocr_line' id='line_1_128' title="bbox 946 2334 1735 2370; baseline 0.003 -11"><span class='ocrx_word' id='word_1_847' title='bbox 946 2335 1097 2370; x_wconf 64' lang='lat' dir='ltr'><strong>scriptores</strong></span> <span class='ocrx_word' id='word_1_848' title='bbox 1110 2335 1307 2367; x_wconf 79' lang='lat' dir='ltr'><strong>meminerunt,</strong></span> <span class='ocrx_word' id='word_1_849' title='bbox 1325 2340 1351 2362; x_wconf 86' lang='lat' dir='ltr'><strong>et</strong></span> <span class='ocrx_word' id='word_1_850' title='bbox 1369 2334 1500 2370; x_wconf 78' lang='lat' dir='ltr'><strong>Hispani,</strong></span> <span class='ocrx_word' id='word_1_851' title='bbox 1518 2339 1544 2362; x_wconf 89' lang='lat' dir='ltr'><strong>et</strong></span> <span class='ocrx_word' id='word_1_852' title='bbox 1563 2337 1679 2363; x_wconf 83' lang='lat' dir='ltr'><strong>externi.</strong></span> <span class='ocrx_word' id='word_1_853' title='bbox 1696 2335 1735 2361; x_wconf 68' lang='lat' dir='ltr'><strong>hx</strong></span> 
     </span>
    </p>
   </div>
   <div class='ocr_carea' id='block_1_126' title="bbox 947 2368 1736 2405">
    <p class='ocr_par' dir='ltr' id='par_1_126' title="bbox 947 2368 1736 2405">
     <span class='ocr_line' id='line_1_129' title="bbox 947 2368 1736 2405; baseline 0.003 -11"><span class='ocrx_word' id='word_1_854' title='bbox 947 2368 1077 2405; x_wconf 18' lang='lat' dir='ltr'><strong>_llispanris</strong></span> <span class='ocrx_word' id='word_1_855' title='bbox 1096 2370 1205 2403; x_wconf 91' lang='lat' dir='ltr'><strong>quidem</strong></span> <span class='ocrx_word' id='word_1_856' title='bbox 1220 2371 1382 2398; x_wconf 88' lang='lat' dir='ltr'><strong>nominatim</strong></span> <span class='ocrx_word' id='word_1_857' title='bbox 1399 2368 1438 2397; x_wconf 82' lang='lat' dir='ltr'><strong>illi</strong></span> <span class='ocrx_word' id='word_1_858' title='bbox 1453 2378 1549 2398; x_wconf 87' lang='lat' dir='ltr'><strong>omnes</strong></span> <span class='ocrx_word' id='word_1_859' title='bbox 1564 2378 1634 2405; x_wconf 88' lang='lat' dir='ltr'><strong>quos</strong></span> <span class='ocrx_word' id='word_1_860' title='bbox 1654 2371 1736 2397; x_wconf 88' lang='lat' dir='ltr'><strong>modo</strong></span> 
     </span>
    </p>
   </div>
   <div class='ocr_carea' id='block_1_127' title="bbox 946 2403 1736 2441">
    <p class='ocr_par' dir='ltr' id='par_1_127' title="bbox 946 2403 1736 2441">
     <span class='ocr_line' id='line_1_130' title="bbox 946 2403 1736 2441; baseline 0.005 -12"><span class='ocrx_word' id='word_1_861' title='bbox 946 2403 1067 2441; x_wconf 64' lang='lat' dir='ltr'><strong>laudavi,</strong></span> <span class='ocrx_word' id='word_1_862' title='bbox 1083 2411 1110 2431; x_wconf 89' lang='lat' dir='ltr'><strong>et</strong></span> <span class='ocrx_word' id='word_1_863' title='bbox 1124 2404 1170 2432; x_wconf 90' lang='lat' dir='ltr'><strong>alii</strong></span> <span class='ocrx_word' id='word_1_864' title='bbox 1185 2413 1267 2440; x_wconf 90' lang='lat' dir='ltr'><strong>quam</strong></span> <span class='ocrx_word' id='word_1_865' title='bbox 1291 2406 1401 2441; x_wconf 87' lang='lat' dir='ltr'><strong>plurimi</strong></span> <span class='ocrx_word' id='word_1_866' title='bbox 1416 2413 1421 2431; x_wconf 94' lang='lat'>:</span> <span class='ocrx_word' id='word_1_867' title='bbox 1439 2414 1471 2433; x_wconf 80' lang='lat' dir='ltr'><strong>ex</strong></span> <span class='ocrx_word' id='word_1_868' title='bbox 1492 2406 1554 2433; x_wconf 84' lang='lat' dir='ltr'><strong>aliis</strong></span> <span class='ocrx_word' id='word_1_869' title='bbox 1569 2403 1693 2433; x_wconf 84' lang='lat' dir='ltr'><strong>Molanus</strong></span> <span class='ocrx_word' id='word_1_870' title='bbox 1708 2410 1736 2433; x_wconf 86' lang='lat' dir='ltr'><strong>et</strong></span> 
     </span>
    </p>
   </div>
   <div class='ocr_carea' id='block_1_128' title="bbox 945 2438 1736 2475">
    <p class='ocr_par' dir='ltr' id='par_1_128' title="bbox 945 2438 1736 2475">
     <span class='ocr_line' id='line_1_131' title="bbox 945 2438 1736 2475; baseline 0.003 -9"><span class='ocrx_word' id='word_1_871' title='bbox 945 2438 1081 2467; x_wconf 84' lang='lat' dir='ltr'><strong>Baronius</strong></span> <span class='ocrx_word' id='word_1_872' title='bbox 1095 2440 1162 2467; x_wconf 87' lang='lat' dir='ltr'><strong>locis</strong></span> <span class='ocrx_word' id='word_1_873' title='bbox 1178 2438 1255 2475; x_wconf 75' lang='lat' dir='ltr'><strong>prius</strong></span> <span class='ocrx_word' id='word_1_874' title='bbox 1270 2438 1314 2468; x_wconf 86' lang='lat' dir='ltr'><strong>hic</strong></span> <span class='ocrx_word' id='word_1_875' title='bbox 1330 2441 1433 2472; x_wconf 82' lang='lat' dir='ltr'><strong>citatis.</strong></span> <span class='ocrx_word' id='word_1_876' title='bbox 1453 2442 1479 2468; x_wconf 94' lang='lat' dir='ltr'><strong>in</strong></span> <span class='ocrx_word' id='word_1_877' title='bbox 1496 2449 1529 2468; x_wconf 92' lang='lat' dir='ltr'><strong>eo</strong></span> <span class='ocrx_word' id='word_1_878' title='bbox 1544 2442 1604 2468; x_wconf 90' lang='lat' dir='ltr'><strong>solo</strong></span> <span class='ocrx_word' id='word_1_879' title='bbox 1620 2441 1736 2468; x_wconf 64' lang='lat' dir='ltr'><strong>halluci-</strong></span> 
     </span>
    </p>
   </div>
   <div class='ocr_carea' id='block_1_129' title="bbox 947 2475 1737 2515">
    <p class='ocr_par' dir='ltr' id='par_1_129' title="bbox 947 2475 1737 2515">
     <span class='ocr_line' id='line_1_132' title="bbox 947 2475 1737 2515; baseline 0.005 -15"><span class='ocrx_word' id='word_1_880' title='bbox 947 2475 1023 2515; x_wconf 80' lang='lat' dir='ltr'><strong>nati,</strong></span> <span class='ocrx_word' id='word_1_881' title='bbox 1044 2475 1117 2509; x_wconf 91' lang='lat' dir='ltr'><strong>quod</strong></span> <span class='ocrx_word' id='word_1_882' title='bbox 1141 2477 1305 2508; x_wconf 82' lang='lat' dir='ltr'><strong>secundam,</strong></span> <span class='ocrx_word' id='word_1_883' title='bbox 1331 2480 1362 2504; x_wconf 90' lang='lat' dir='ltr'><strong>ut</strong></span> <span class='ocrx_word' id='word_1_884' title='bbox 1376 2475 1452 2511; x_wconf 83' lang='lat' dir='ltr'><strong>dixi,</strong></span> <span class='ocrx_word' id='word_1_885' title='bbox 1469 2477 1666 2512; x_wconf 78' lang='lat' dir='ltr'><strong>appellaverint</strong></span> <span class='ocrx_word' id='word_1_886' title='bbox 1685 2484 1737 2512; x_wconf 90' lang='lat' dir='ltr'><strong>pro</strong></span> 
     </span>
    </p>
   </div>
   <div class='ocr_carea' id='block_1_130' title="bbox 946 2513 1037 2536">
    <p class='ocr_par' dir='ltr' id='par_1_130' title="bbox 946 2513 1037 2536">
     <span class='ocr_line' id='line_1_133' title="bbox 946 2513 1037 2536; baseline 0 0"><span class='ocrx_word' id='word_1_887' title='bbox 946 2513 1037 2536; x_wconf 84' lang='lat' dir='ltr'><strong>tertia.</strong></span> 
     </span>
    </p>
   </div>
   <div class='ocr_carea' id='block_1_131' title="bbox 711 2628 1119 2665">
    <p class='ocr_par' dir='ltr' id='par_1_131' title="bbox 711 2628 1119 2665">
     <span class='ocr_line' id='line_1_134' title="bbox 711 2628 1119 2665; baseline 0.002 -9"><span class='ocrx_word' id='word_1_888' title='bbox 711 2628 803 2665; x_wconf 76' lang='lat'><strong>508</strong></span> <span class='ocrx_word' id='word_1_889' title='bbox 841 2629 979 2658; x_wconf 81' lang='lat' dir='ltr'><strong>CAPUT</strong></span> <span class='ocrx_word' id='word_1_890' title='bbox 1017 2629 1119 2657; x_wconf 80' lang='lat' dir='ltr'><strong>XXII.</strong></span> 
     </span>
    </p>
   </div>
   <div class='ocr_carea' id='block_1_132' title="bbox 353 2685 1489 2724">
    <p class='ocr_par' dir='ltr' id='par_1_132' title="bbox 353 2685 1489 2724">
     <span class='ocr_line' id='line_1_135' title="bbox 353 2685 1489 2724; baseline 0.003 -10"><span class='ocrx_word' id='word_1_891' title='bbox 353 2686 467 2714; x_wconf 66' lang='lat' dir='ltr'><strong>Virtutes</strong></span> <span class='ocrx_word' id='word_1_892' title='bbox 484 2687 621 2716; x_wconf 83' lang='lat' dir='ltr'><strong>nonnulla:</strong></span> <span class='ocrx_word' id='word_1_893' title='bbox 639 2686 668 2716; x_wconf 85' lang='lat' dir='ltr'><strong>S.</strong></span> <span class='ocrx_word' id='word_1_894' title='bbox 685 2685 807 2722; x_wconf 71' lang='lat' dir='ltr'><strong>Dionysii</strong></span> <span class='ocrx_word' id='word_1_895' title='bbox 821 2695 853 2714; x_wconf 66' lang='lat' dir='ltr'><strong>ex</strong></span> <span class='ocrx_word' id='word_1_896' title='bbox 868 2687 985 2723; x_wconf 79' lang='lat' dir='ltr'><strong>ejusdem</strong></span> <span class='ocrx_word' id='word_1_897' title='bbox 1001 2688 1108 2722; x_wconf 76' lang='lat' dir='ltr'><strong>scriptis</strong></span> <span class='ocrx_word' id='word_1_898' title='bbox 1121 2688 1238 2721; x_wconf 78' lang='lat' dir='ltr'><strong>deleclw,</strong></span> <span class='ocrx_word' id='word_1_899' title='bbox 1255 2695 1279 2716; x_wconf 83' lang='lat' dir='ltr'><strong>et</strong></span> <span class='ocrx_word' id='word_1_900' title='bbox 1292 2690 1379 2724; x_wconf 86' lang='lat' dir='ltr'><strong>primo</strong></span> <span class='ocrx_word' id='word_1_901' title='bbox 1395 2690 1489 2724; x_wconf 83' lang='lat' dir='ltr'><strong>pietas.</strong></span> 
     </span>
    </p>
   </div>
   <div class='ocr_carea' id='block_1_133' title="bbox 139 2746 1735 2782">
    <p class='ocr_par' dir='ltr' id='par_1_133' title="bbox 139 2746 1735 2782">
     <span class='ocr_line' id='line_1_136' title="bbox 139 2746 1735 2782; baseline 0.001 -8"><span class='ocrx_word' id='word_1_902' title='bbox 139 2746 208 2774; x_wconf 90' lang='lat' dir='ltr'><strong>Cum</strong></span> <span class='ocrx_word' id='word_1_903' title='bbox 224 2746 340 2774; x_wconf 86' lang='lat' dir='ltr'><strong>aliarum</strong></span> <span class='ocrx_word' id='word_1_904' title='bbox 357 2746 385 2773; x_wconf 89' lang='lat' dir='ltr'><strong>S.</strong></span> <span class='ocrx_word' id='word_1_905' title='bbox 401 2746 523 2782; x_wconf 77' lang='lat' dir='ltr'><strong>Dionysii</strong></span> <span class='ocrx_word' id='word_1_906' title='bbox 539 2746 672 2774; x_wconf 91' lang='lat' dir='ltr'><strong>virtutum</strong></span> <span class='ocrx_word' id='word_1_907' title='bbox 683 2747 742 2782; x_wconf 75' lang='lat' dir='ltr'><strong>ipse</strong></span> <span class='ocrx_word' id='word_1_908' title='bbox 753 2747 923 2782; x_wconf 75' lang='lat' dir='ltr'><strong>Areopagus,</strong></span> <span class='ocrx_word' id='word_1_909' title='bbox 937 2751 994 2774; x_wconf 94' lang='lat' dir='ltr'><strong>tum</strong></span> <span class='ocrx_word' id='word_1_910' title='bbox 1012 2755 1079 2775; x_wconf 89' lang='lat' dir='ltr'><strong>vero</strong></span> <span class='ocrx_word' id='word_1_911' title='bbox 1094 2746 1314 2775; x_wconf 85' lang='lat' dir='ltr'><strong>Christianarum</strong></span> <span class='ocrx_word' id='word_1_912' title='bbox 1340 2748 1368 2776; x_wconf 92' lang='lat' dir='ltr'><strong>S.</strong></span> <span class='ocrx_word' id='word_1_913' title='bbox 1384 2749 1499 2780; x_wconf 86' lang='lat' dir='ltr'><strong>Paulus,</strong></span> <span class='ocrx_word' id='word_1_914' title='bbox 1514 2753 1540 2776; x_wconf 85' lang='lat' dir='ltr'><strong>ct</strong></span> <span class='ocrx_word' id='word_1_915' title='bbox 1556 2748 1585 2776; x_wconf 87' lang='lat' dir='ltr'><strong>S.</strong></span> <span class='ocrx_word' id='word_1_916' title='bbox 1607 2749 1735 2777; x_wconf 86' lang='lat' dir='ltr'><strong>Clemens</strong></span> 
     </span>
    </p>
   </div>
   <div class='ocr_carea' id='block_1_134' title="bbox 102 2782 1736 2818">
    <p class='ocr_par' dir='ltr' id='par_1_134' title="bbox 102 2782 1736 2818">
     <span class='ocr_line' id='line_1_137' title="bbox 102 2782 1736 2818; baseline 0.001 -8"><span class='ocrx_word' id='word_1_917' title='bbox 102 2787 278 2816; x_wconf 83' lang='lat' dir='ltr'><strong>testesquam</strong></span> <span class='ocrx_word' id='word_1_918' title='bbox 292 2782 683 2817; x_wconf 79' lang='lat' dir='ltr'><strong>locupletissimiexstiterunt.</strong></span> <span class='ocrx_word' id='word_1_919' title='bbox 704 2782 844 2818; x_wconf 89' lang='lat' dir='ltr'><strong>Siquidem</strong></span> <span class='ocrx_word' id='word_1_920' title='bbox 859 2782 933 2808; x_wconf 92' lang='lat' dir='ltr'><strong>illum</strong></span> <span class='ocrx_word' id='word_1_921' title='bbox 948 2790 999 2809; x_wconf 89' lang='lat' dir='ltr'><strong>nec</strong></span> <span class='ocrx_word' id='word_1_922' title='bbox 1012 2785 1171 2817; x_wconf 78' lang='lat' dir='ltr'><strong>Areopagus</strong></span> <span class='ocrx_word' id='word_1_923' title='bbox 1184 2783 1210 2810; x_wconf 90' lang='lat' dir='ltr'><strong>in</strong></span> <span class='ocrx_word' id='word_1_924' title='bbox 1227 2791 1307 2811; x_wconf 88' lang='lat' dir='ltr'><strong>suum</strong></span> <span class='ocrx_word' id='word_1_925' title='bbox 1325 2785 1482 2816; x_wconf 86' lang='lat' dir='ltr'><strong>consilium,</strong></span> <span class='ocrx_word' id='word_1_926' title='bbox 1495 2792 1545 2811; x_wconf 89' lang='lat' dir='ltr'><strong>nec</strong></span> <span class='ocrx_word' id='word_1_927' title='bbox 1562 2784 1588 2810; x_wconf 93' lang='lat' dir='ltr'><strong>hi</strong></span> <span class='ocrx_word' id='word_1_928' title='bbox 1606 2784 1736 2812; x_wconf 73' lang='lat' dir='ltr'><strong>Ecclesia:</strong></span> 
     </span>
    </p>
   </div>
   <div class='ocr_carea' id='block_1_135' title="bbox 103 2817 1730 2854">
    <p class='ocr_par' dir='ltr' id='par_1_135' title="bbox 103 2817 1730 2854">
     <span class='ocr_line' id='line_1_138' title="bbox 103 2817 1730 2854; baseline 0.001 -9"><span class='ocrx_word' id='word_1_929' title='bbox 103 2826 232 2854; x_wconf 82' lang='lat' dir='ltr'><strong>proceres</strong></span> <span class='ocrx_word' id='word_1_930' title='bbox 248 2817 282 2844; x_wconf 87' lang='lat' dir='ltr'><strong>ad</strong></span> <span class='ocrx_word' id='word_1_931' title='bbox 299 2825 399 2854; x_wconf 86' lang='lat' dir='ltr'><strong>munus</strong></span> <span class='ocrx_word' id='word_1_932' title='bbox 409 2817 600 2852; x_wconf 78' lang='lat' dir='ltr'><strong>apostolicum.</strong></span> <span class='ocrx_word' id='word_1_933' title='bbox 617 2817 669 2854; x_wconf 82' lang='lat' dir='ltr'><strong>nisi</strong></span> <span class='ocrx_word' id='word_1_934' title='bbox 687 2818 815 2854; x_wconf 86' lang='lat' dir='ltr'><strong>omnibus</strong></span> <span class='ocrx_word' id='word_1_935' title='bbox 828 2817 969 2854; x_wconf 84' lang='lat' dir='ltr'><strong>ﬂorentem</strong></span> <span class='ocrx_word' id='word_1_936' title='bbox 986 2818 1134 2845; x_wconf 84' lang='lat' dir='ltr'><strong>virtutibus</strong></span> <span class='ocrx_word' id='word_1_937' title='bbox 1142 2819 1319 2853; x_wconf 78' lang='lat' dir='ltr'><strong>adlegissent.</strong></span> <span class='ocrx_word' id='word_1_938' title='bbox 1340 2819 1392 2847; x_wconf 79' lang='lat' dir='ltr'><strong>Sed</strong></span> <span class='ocrx_word' id='word_1_939' title='bbox 1408 2827 1503 2846; x_wconf 87' lang='lat' dir='ltr'><strong>earum</strong></span> <span class='ocrx_word' id='word_1_940' title='bbox 1514 2819 1646 2854; x_wconf 70' lang='lat' dir='ltr'><strong>virtutum</strong></span> <span class='ocrx_word' id='word_1_941' title='bbox 1660 2828 1730 2854; x_wconf 74' lang='lat' dir='ltr'><strong>qua--</strong></span> 
     </span>
    </p>
   </div>
   <div class='ocr_carea' id='block_1_136' title="bbox 104 2852 1732 2888">
    <p class='ocr_par' dir='ltr' id='par_1_136' title="bbox 104 2852 1732 2888">
     <span class='ocr_line' id='line_1_139' title="bbox 104 2852 1732 2888; baseline 0 -8"><span class='ocrx_word' id='word_1_942' title='bbox 104 2852 167 2880; x_wconf 74' lang='lat' dir='ltr'><strong>itam</strong></span> <span class='ocrx_word' id='word_1_943' title='bbox 181 2854 207 2879; x_wconf 91' lang='lat' dir='ltr'><strong>in</strong></span> <span class='ocrx_word' id='word_1_944' title='bbox 220 2857 347 2887; x_wconf 78' lang='lat' dir='ltr'><strong>suscepto</strong></span> <span class='ocrx_word' id='word_1_945' title='bbox 363 2853 424 2880; x_wconf 63' lang='lat' dir='ltr'><strong>vita:</strong></span> <span class='ocrx_word' id='word_1_946' title='bbox 439 2861 548 2887; x_wconf 80' lang='lat' dir='ltr'><strong>genere,</strong></span> <span class='ocrx_word' id='word_1_947' title='bbox 565 2852 689 2887; x_wconf 64' lang='lat' dir='ltr'><strong>quaedam</strong></span> <span class='ocrx_word' id='word_1_948' title='bbox 706 2853 733 2879; x_wconf 89' lang='lat' dir='ltr'><strong>in</strong></span> <span class='ocrx_word' id='word_1_949' title='bbox 751 2853 951 2880; x_wconf 83' lang='lat' dir='ltr'><strong>immortalibus</strong></span> <span class='ocrx_word' id='word_1_950' title='bbox 967 2853 1028 2887; x_wconf 87' lang='lat' dir='ltr'><strong>ejus</strong></span> <span class='ocrx_word' id='word_1_951' title='bbox 1044 2854 1156 2888; x_wconf 80' lang='lat' dir='ltr'><strong>scriptis</strong></span> <span class='ocrx_word' id='word_1_952' title='bbox 1176 2852 1313 2882; x_wconf 77' lang='lat' dir='ltr'><strong>illustrius</strong></span> <span class='ocrx_word' id='word_1_953' title='bbox 1330 2855 1512 2882; x_wconf 82' lang='lat' dir='ltr'><strong>emicuerunt.</strong></span> <span class='ocrx_word' id='word_1_954' title='bbox 1536 2853 1603 2880; x_wconf 77' lang='lat' dir='ltr'><strong>Nam</strong></span> <span class='ocrx_word' id='word_1_955' title='bbox 1614 2874 1621 2886; x_wconf 97' lang='lat'><strong>,</strong></span> <span class='ocrx_word' id='word_1_956' title='bbox 1636 2852 1732 2882; x_wconf 56' lang='lat' dir='ltr'><strong>ut&#39;ali-I</strong></span> 
     </span>
    </p>
   </div>
   <div class='ocr_carea' id='block_1_137' title="bbox 105 2888 1734 2924">
    <p class='ocr_par' dir='ltr' id='par_1_137' title="bbox 105 2888 1734 2924">
     <span class='ocr_line' id='line_1_140' title="bbox 105 2888 1734 2924; baseline -0.001 -9"><span class='ocrx_word' id='word_1_957' title='bbox 105 2889 191 2916; x_wconf 86' lang='lat' dir='ltr'><strong>missa</strong></span> <span class='ocrx_word' id='word_1_958' title='bbox 208 2888 318 2919; x_wconf 82' lang='lat' dir='ltr'><strong>faciam.</strong></span> <span class='ocrx_word' id='word_1_959' title='bbox 332 2890 403 2922; x_wconf 85' lang='lat' dir='ltr'><strong>quod</strong></span> <span class='ocrx_word' id='word_1_960' title='bbox 420 2889 577 2923; x_wconf 85' lang='lat' dir='ltr'><strong>episcopatu</strong></span> <span class='ocrx_word' id='word_1_961' title='bbox 595 2888 766 2921; x_wconf 82' lang='lat' dir='ltr'><strong>Atheniensi,</strong></span> <span class='ocrx_word' id='word_1_962' title='bbox 782 2896 862 2923; x_wconf 89' lang='lat' dir='ltr'><strong>quem</strong></span> <span class='ocrx_word' id='word_1_963' title='bbox 881 2888 914 2914; x_wconf 90' lang='lat' dir='ltr'><strong>ab</strong></span> <span class='ocrx_word' id='word_1_964' title='bbox 927 2889 1061 2923; x_wconf 87' lang='lat' dir='ltr'><strong>apostolis</strong></span> <span class='ocrx_word' id='word_1_965' title='bbox 1077 2893 1231 2922; x_wconf 77' lang='lat' dir='ltr'><strong>acceperat,</strong></span> <span class='ocrx_word' id='word_1_966' title='bbox 1247 2894 1344 2924; x_wconf 79' lang='lat' dir='ltr'><strong>sponte</strong></span> <span class='ocrx_word' id='word_1_967' title='bbox 1360 2890 1486 2918; x_wconf 83' lang='lat' dir='ltr'><strong>dimisso.</strong></span> <span class='ocrx_word' id='word_1_968' title='bbox 1504 2889 1596 2916; x_wconf 89' lang='lat' dir='ltr'><strong>multis</strong></span> <span class='ocrx_word' id='word_1_969' title='bbox 1611 2890 1637 2916; x_wconf 95' lang='lat' dir='ltr'><strong>in</strong></span> <span class='ocrx_word' id='word_1_970' title='bbox 1654 2896 1734 2924; x_wconf 73' lang='lat' dir='ltr'><strong>spar-</strong></span> 
     </span>
    </p>
   </div>
   <div class='ocr_carea' id='block_1_138' title="bbox 105 2923 1737 2960">
    <p class='ocr_par' dir='ltr' id='par_1_138' title="bbox 105 2923 1737 2960">
     <span class='ocr_line' id='line_1_141' title="bbox 105 2923 1737 2960; baseline 0.001 -9"><span class='ocrx_word' id='word_1_971' title='bbox 105 2924 193 2959; x_wconf 70' lang='lat' dir='ltr'><strong>genda</strong></span> <span class='ocrx_word' id='word_1_972' title='bbox 213 2923 349 2958; x_wconf 74' lang='lat' dir='ltr'><strong>Evangelii</strong></span> <span class='ocrx_word' id='word_1_973' title='bbox 366 2927 487 2951; x_wconf 83' lang='lat' dir='ltr'><strong>semente</strong></span> <span class='ocrx_word' id='word_1_974' title='bbox 505 2924 657 2960; x_wconf 76' lang='lat' dir='ltr'><strong>peragratis</strong></span> <span class='ocrx_word' id='word_1_975' title='bbox 673 2924 831 2960; x_wconf 72' lang='lat' dir='ltr'><strong>regionibus</strong></span> <span class='ocrx_word' id='word_1_976' title='bbox 847 2924 874 2951; x_wconf 90' lang='lat' dir='ltr'><strong>in</strong></span> <span class='ocrx_word' id='word_1_977' title='bbox 889 2923 993 2950; x_wconf 85' lang='lat' dir='ltr'><strong>Italiam</strong></span> <span class='ocrx_word' id='word_1_978' title='bbox 1008 2925 1161 2959; x_wconf 73' lang='lat' dir='ltr'><strong>pervenerit</strong></span> <span class='ocrx_word' id='word_1_979' title='bbox 1175 2934 1180 2951; x_wconf 93' lang='lat'><strong>:</strong></span> <span class='ocrx_word' id='word_1_980' title='bbox 1203 2923 1276 2960; x_wconf 75' lang='lat' dir='ltr'><strong>quod</strong></span> <span class='ocrx_word' id='word_1_981' title='bbox 1293 2933 1325 2952; x_wconf 68' lang='lat' dir='ltr'><strong>ex</strong></span> <span class='ocrx_word' id='word_1_982' title='bbox 1349 2925 1425 2952; x_wconf 82' lang='lat' dir='ltr'><strong>Italia</strong></span> <span class='ocrx_word' id='word_1_983' title='bbox 1442 2925 1468 2952; x_wconf 88' lang='lat' dir='ltr'><strong>in</strong></span> <span class='ocrx_word' id='word_1_984' title='bbox 1481 2923 1607 2957; x_wconf 82' lang='lat' dir='ltr'><strong>Galliam,</strong></span> <span class='ocrx_word' id='word_1_985' title='bbox 1624 2923 1675 2952; x_wconf 68' lang='lat' dir='ltr'><strong>hoc</strong></span> <span class='ocrx_word' id='word_1_986' title='bbox 1693 2929 1737 2952; x_wconf 79' lang='lat' dir='ltr'><strong>est</strong></span> 
     </span>
    </p>
   </div>
  </div>
