1929 3092
131 175 183 203 83⁵2
646 175 737 210 νιτΑ,
749 175 854 204 AUCT.
870 175 891 203 P

1014 175 1074 205 (ΠΧ
1090 175 1164 205 $00.
1185 175 1278 204 JESU.
1722 182 1775 210 3-03

836 250 952 278 CAPUT
971 250 1066 279 XXIII.

656 311 779 347 Dionysii
792 312 923 340 modestia
938 321 984 340 seu
998 313 1081 339 animi
1097 313 1248 340 subntissio.

165 371 257 409 Altera
271 379 333 409 quae
357 372 384 409 in
401 371 524 407 Dionysii
543 372 654 408 scriptis
670 377 747 409 grato
763 377 876 408 aspectu
896 377 923 401 et
946 374 1025 409 quasi
1040 373 1194 402 verecundo
1220 382 1268 401 ore
1289 373 1418 405 collucet,
1434 378 1632 409 proptereaque
1646 375 1775 405 omnibus

130 408 229 444 merito
246 407 397 444 adamanda
413 412 439 434 et
457 415 565 442 semper
576 407 606 435 in
622 407 682 436 sinu
701 407 827 436 habenda
844 407 1036 443 scriptoribus.
1049 414 1090 436 est
1106 409 1252 440 modestia,
1263 409 1336 436 velut
1353 409 1403 436 lida
1418 407 1527 444 pietatis
1538 407 1622 440 socia.
1637 415 1664 437 ct
1677 411 1773 438 intima

129 443 346 479 courtulmrnalis.
361 443 427 476 Qua:
441 443 574 471 modestia
589 444 617 470 in
632 444 815 472 mstimatioue
828 445 928 478 ingenii
944 449 1025 479 atque
1044 445 1141 478 judicii
1166 445 1249 479 (quod
1267 445 1322 471 fere
1347 444 1373 471 in
1390 443 1546 471 hominibus
1567 446 1636 473 solet
1650 453 1710 473 esse
1726 455 1774 474 su-

130 478 334 515 perbissimum)
351 487 405 515 non
423 479 513 506 utilius
525 487 606 514 quam
623 481 731 506 ueteris
747 480 772 506 in
786 480 867 507 rebus
886 488 900 506 a
919 478 1017 515 magno
1031 480 1194 514 Arcupagita
1212 485 1384 514 peramanter
1399 480 1548 514 strictoque
1558 481 1701 515 complexa
1719 485 1772 509 est.

129 512 208 545 Quod
224 521 335 550 clintes
347 514 409 541 aliis
433 514 511 542 locis.
529 512 585 541 tum
601 523 666 541 vero
679 523 693 541 c
709 515 797 543 tribus
819 512 977 550 potissimo,
992 523 1047 541 uno
1071 512 1113 542 De
1128 512 1226 542 cialein
1243 515 1400 545 bierarchia.
1417 512 1511 542 altero'
1526 515 1563 542 De
1581 512 1772 550 ecciesiastica,

130 550 210 587 tertio
231 548 385 587 ΒιίιίἰυίμὶιιΔ
395 549 543 587 nominibus
561 549 651 585 colligi
673 550 746 587 lieet.
763 548 830 577 Nam
847 551 874 577 in
888 552 976 586 primo
988 551 1097 585 quidem
1114 550 1210 577 horum
1232 550 1376 581 librorum,
1396 556 1545 587 postquam
1558 559 1641 586 super
1655 559 1686 579 ea
1699 548 1774 587 quae;

130 584 238 611 stione:
256 583 310 610 Cur
319 583 416 621 _Isaias
432 585 558 621 propheta
573 583 699 620 purgatus
722 585 827 612 dicatur
843 595 859 612 a
874 583 1017 620 set-aptum,
1034 593 1111 612 suam
1137 586 1310 621 exposuisset
1332 583 1513 616 sententiain,
1539 583 1656 621 ingénue
1682 583 1774 616 fassus

128 623 171 656 est
186 627 245 656 eam
260 626 288 646 se
302 619 336 656 ab
348 620 406 656 alio
418 620 558 656 didicisse,
575 625 602 647 et
615 619 730 648 libenter
746 622 867 656 quidem,
889 622 912 648 si
934 619 1030 650 melior
1052 619 1181 648 alleratur
1203 625 1371 648 mutaturum
1396 629 1467 648 csse.
1493 620 1538 648 Sic
1557 619 1628 649 enim
1650 623 1747 649 scribit
1765 633 1773 651 :

128 654 213 688 Atque
227 654 275 691 hoc
289 655 394 689 quidem
410 655 455 682 ille
470 665 510 682 me
525 657 636 682 docuit:
655 656 702 682 tibi
724 654 811 683 autem
829 656 915 684 trado.
934 657 998 684 Tute
1018 657 1067 683 erit
1083 657 1218 690 sapientia:
1235 661 1312 691 atque
1326 657 1495 687 eruditionis,
1511 661 1558 683 aut
1580 656 1692 684 alterunt
1710 666 1775 685 cau—
1795 684 1798 688 ,

129 698 220 716 sarum
237 690 382 718 allaturum
398 692 469 718 omni
482 691 562 718 dubio
577 691 710 719 exsolvere
723 697 748 719 et
763 692 850 724 alteri,
866 697 894 718 ut
910 701 1013 727 (equam
1028 697 1052 718 et
1067 692 1165 718 rationi
1180 690 1393 723 consentaneum,
1407 697 1431 718 et
1448 700 1535 719 veram
1551 692 1685 725 fortassis,
1699 699 1775 721 ante-

128 733 236 762 ponere,
252 730 298 752 aut
313 731 397 753 tecum
413 727 515 761 aliquid
529 727 598 762 quod
608 728 717 761 propius
730 728 765 754 sit
782 728 886 754 veritati
907 728 1064 762 excogitare,
1083 732 1128 753 aut
1151 727 1184 754 ab
1203 727 1257 753 alio
1273 727 1420 758 addiscere,
1435 727 1489 754 Dea
1507 727 1607 755 scilicet
1627 736 1774 756 sermonem

127 761 322 798 suppeditante,
343 767 367 789 et
381 762 479 798 angelis
495 762 682 797 deferentibus,
702 767 780 798 atque
793 764 832 789 ita
849 763 923 790 nobis
938 761 982 797 qui
997 763 1150 798 angelorum
1165 762 1279 789 studiosi
1294 771 1384 789 sumus
1404 763 1555 794 clariorem,
1571 763 1596 790 si
1608 763 1666 797 ﬁeri
1678 765 1772 797 pOssit,

127 800 151 822 et
168 796 313 833 chariorem
326 796 473 832 patefacere
493 796 748 832 contemplationem}
763 797 801 825 ita
815 799 859 825 ille
875 798 904 826 S.
924 796 1078 825 Timotheo.
1097 797 1201 825 Deinde
1218 798 1341 832 ejusdem
1359 798 1421 826 libri
1443 796 1612 833 pustremum
1628 796 1712 833 caput
1734 800 1773 827 ita

127 831 243 869 pulchro
259 832 310 869 ﬁne
325 831 491 869 concludit:
512 833 577 860 Haec
600 833 662 860 mihi
677 833 709 860 de
719 834 804 860 sacris
821 834 913 868 ﬁguris
931 834 1003 860 dicta
1025 838 1103 860 sunto
1114 840 1123 858 :
1143 841 1210 869 quin)
1224 831 1256 859 ab
1274 839 1368 860 exacta
1379 831 1487 869 quidem
1502 841 1594 860 eorum
1616 831 1772 868 interpreta-

128 866 197 893 tione
211 867 303 904 p‘rocu‘l
317 868 423 899 absunt,
438 868 472 895 ad
488 869 536 896 hoc
554 874 653 900 tamen,
672 874 700 895 ut
716 866 849 901 arbitror,
855 869 961 903 juvant,
979 873 1008 895 ut
1024 877 1055 896 ne
1069 866 1153 895 nimis
1167 868 1266 902 abjecte
1279 866 1401 903 ﬁguratis
1424 869 1583 904 imaginibus
1605 866 1772 896 adha'resca-

127 910 196 938 mus.
216 902 293 935 Quod
309 904 332 930 si
344 903 456 937 objicias
470 913 522 931 non
538 905 655 931 omnium
667 902 1001 938 angelicarumrvirtulum,
1018 909 1064 931 aut
1090 904 1283 938 operationum,
1300 902 1346 930 aut
1368 902 1512 938 imaginum
1530 904 1622 938 fecisse
1636 913 1682 931 nos
1699 914 1771 932 men-

128 937 223 974 tionem
237 945 245 969 ,'
266 939 313 965 tibi
326 939 447 974 equidem
462 947 582 974 prorsus,
598 937 821 974 quemadmodum
843 947 884 966 res
906 939 992 972 habet,
1005 937 1166 974 respondebo
1181 946 1189 965 :
1205 947 1294 973 nempe
1305 940 1362 972 [nos
1387 937 1503 966 scientia;
1522 939 1594 966 illius
1614 947 1771 974 supermun-

126 972 205 1010 dana:
219 972 378 1010 rudesresse,
393 972 470 1009 atque
485 975 539 1001 alio
552 972 639 1009 potius
657 975 691 1001 ad
705 983 736 1002 ea
750 974 926 1009 perdiscenda
948 972 1053 1002 doctore
1067 980 1145 1010 atque
1160 975 1301 1008 interprete
1315 974 1447 1009 indigere;
1465 979 1519 1001 tum
1542 975 1632 1006 etiam,
1646 972 1699 1002 illa
1711 984 1770 1010 quae

126 1009 200 1039 prius
215 1009 341 1044 expositis
357 1010 457 1037 similia
471 1016 532 1036 sunt
547 1010 715 1045 eamdemque
731 1011 781 1037 vim
795 1010 900 1042 habent,
916 1019 964 1038 nos
979 1015 1069 1045 sponte
1092 1010 1304 1045 pra-termisisse,
1321 1015 1376 1037 tant
1391 1011 1418 1036 in
1432 1009 1542 1037 dicendo
1559 1010 1665 1037 modum
1684 1009 1769 1038 aucu-

125 1049 228 1081 pontes,
241 1053 320 1081 quam
333 1053 373 1081 res
389 1046 549 1075 reconditas,
565 1051 589 1072 et
608 1045 712 1080 ingenio
733 1051 823 1073 nostro
845 1045 959 1080 majores
978 1044 1084 1072 silentio
1098 1050 1261 1081 venerantes.
1290 1044 1447 1072 Secundum
1470 1053 1538 1081 vero
1562 1045 1671 1078 librum,
1688 1046 1770 1081 510

125 1080 173 1113 qui
189 1086 232 1107 est
244 1080 283 1106 De
300 1080 399 1107 calesti
414 1081 572 1112 hierarchia,
590 1079 663 1108 baud
678 1081 770 1108 minus
785 1079 910 1116 specioso
930 1081 1004 1108 exitu
1019 1079 1250 1116 terminavit.)Sic
1267 1081 1340 1108 enim
1359 1081 1428 1108 dixit
1443 1090 1449 1107 :
1464 1080 1533 1112 Ista,
1548 1081 1598 1114 ﬁli,
1614 1086 1668 1107 tam
1684 1079 1770 1109 ιῆιΠιῖι

125 1119 220 1151 etiam
234 1116 376 1149 prwclara,
390 1121 415 1143 et
426 1117 575 1151 singularia
592 1116 746 1144 hierarchite
760 1115 857 1143 nostra:
871 1116 1022 1151 spectacula
1042 1116 1127 1143 videre
1147 1115 1212 1143 mihi
1227 1115 1319 1142 datum
1333 1120 1372 1144 est
1387 1116 1468 1143 :aliis
1489 1121 1575 1142 autent
1592 1117 1768 1151 perspicacio-

126 1150 200 1177 ribus
214 1151 344 1177 mentibus
361 1160 413 1178 non
427 1151 475 1178 hoc
488 1152 576 1184 modo,
593 1151 639 1178 sed
657 1152 737 1178 etiam
753 1151 837 1178 multo
857 1152 975 1178 clariora
995 1157 1019 1179 et
1048 1152 1181 1178 diviniora
1197 1151 1266 1185 forte
1287 1156 1423 1186 perspecta
1443 1156 1522 1182 sunt;
1544 1151 1641 1186 tibique
1661 1152 1722 1185 ipsi,
1739 1156 1769 1179 ut

125 1186 229 1222 opinor,
242 1186 402 1222 illustriores
415 1192 493 1222 atque
514 1187 655 1214 diviniotes
671 1187 878 1221 pulchritudines
903 1187 937 1214 ad
959 1187 1141 1214 sublimiorem
1164 1186 1270 1222 radium
1281 1187 1341 1220 jam
1363 1187 1441 1213 dictis
1460 1186 1587 1222 gradibus
1603 1187 1770 1214 contendenti

126 1221 300 1257 collucebunt.
316 1221 405 1254 Quare
416 1221 581 1249 communica
597 1227 625 1249 tu
639 1230 739 1257 quoque
762 1231 873 1253 mecum,
890 1231 905 1248 ο
923 1222 1026 1250 dilecte.
1041 1222 1222 1257 perfectiorem
1247 1221 1340 1253 lucem,
1356 1226 1379 1248 et
1391 1222 1589 1256 prwstantiores
1611 1227 1687 1257 atque
1707 1223 1769 1249 uni-

125 1255 275 1290 formiores,
289 1264 456 1292 quascunque
478 1258 597 1284 contueri
611 1255 709 1291 poteris
730 1257 947 1292 pulchritudines,
968 1255 1052 1284 oculis
1068 1255 1131 1284 meis
1153 1262 1342 1292 commonstra.
1371 1255 1440 1284 Nam
1458 1264 1505 1291 per
1527 1258 1592 1290 tuac,
1607 1255 1738 1292 quomodo
1752 1266 1769 1285 α

125 1300 167 1328 rm:
181 1291 253 1318 dicta
268 1297 339 1323 sunt,
355 1291 449 1319 insitas
466 1294 512 1319 tibi
527 1293 596 1328 ignis
611 1293 694 1320 divini
707 1293 838 1320 scintillas
853 1294 999 1320 excitatum
1015 1294 1048 1319 iri
1063 1293 1177 1327 conﬁdo.
1194 1291 1253 1319 Jam
1266 1296 1357 1320 autem
1372 1292 1442 1320 libro
1459 1291 1497 1319 De
1509 1293 1604 1319 divinis
1617 1293 1768 1320 nominibus

125 1327 197 1353 hanc
208 1335 271 1354 vere
281 1334 392 1354 auream
405 1327 705 1363 imposuitcoronidem
718 1338 724 1356 :
743 1328 807 1355 lla’c
823 1337 870 1355 nos
884 1328 974 1355 divina
988 1329 1095 1355 nomina
1109 1330 1136 1355 in
1151 1336 1230 1363 unum
1247 1333 1381 1362 congesta,
1398 1332 1526 1361 quatenus
1546 1328 1653 1363 assequi
1675 1328 1768 1354 datum

123 1367 174 1392 est,
190 1363 373 1396 explicuimus,
391 1362 534 1390 non’modo
555 1366 669 1398 impares
688 1369 820 1390 accurata:
837 1364 944 1390 illorum
967 1364 1125 1398 expositioni
1140 1362 1221 1398 (quod
1242 1367 1266 1389 et
1288 1363 1375 1398 angeli
1399 1370 1432 1388 ea;
1455 1371 1514 1390 vero
1533 1362 1646 1398 dicant),
1668 1371 1714 1390 nec
1735 1364 1768 1391 iis

122 1398 215 1434 etiam,
233 1406 298 1433 quas
314 1399 399 1433 angeli
414 1399 542 1430 tribuunt,
557 1399 683 1426 laudibus
700 1399 837 1433 inferiores
854 1400 923 1434 (cum
936 1404 961 1426 et
973 1400 1112 1433 postremis
1129 1397 1213 1425 nostri
1229 1397 1321 1425 cedant
1337 1397 1460 1433 theologi)
1475 1406 1554 1433 neque
1568 1399 1629 1424 item
1642 1398 1769 1434 theologs

123 1433 199 1466 ipsis.
215 1436 355 1468 eorumque
369 1433 535 1461 auditoribus
550 1439 575 1461 et
589 1435 794 1461 assectatoribus
814 1435 975 1469 conferendi,
990 1436 1035 1461 sed
1046 1442 1136 1461 eorum
1150 1441 1260 1469 quoque,
1275 1434 1320 1468 qui
1336 1434 1419 1460 nostri
1435 1439 1496 1469 sunt
1514 1434 1626 1463 ordinis,
1642 1433 1769 1468 poatremi

123 1473 148 1505 et
161 1469 256 1505 inﬁmi.
275 1468 363 1501 Quare
379 1470 402 1496 si
417 1474 485 1496 recte
498 1469 601 1504 quidem
623 1469 746 1501 habeant,
763 1478 822 1505 quae
837 1468 907 1496 ante
922 1469 994 1496 dicta
1009 1476 1081 1501 sunt,
1101 1474 1127 1497 et
1146 1468 1193 1504 pro
1213 1469 1270 1496 loco
1280 1474 1376 1505 nostro
1390 1475 1414 1495 et
1431 1468 1531 1505 ordine,
1544 1470 1768 1503 interpretationis

123 1503 269 1530 divinorum
286 1505 422 1531 nominum
436 1503 592 1532 sententiam
607 1506 720 1532 assecuti
734 1503 838 1536 smnus,
854 1505 881 1532 id
896 1505 1024 1532 bonorum
1039 1505 1155 1532 omnium
1181 1504 1285 1531 auctori
1309 1509 1443 1538 acceptant
1468 1504 1610 1538 referatur,
1624 1505 1668 1539 qui
1682 1505 1767 1538 primo

122 1539 231 1575 quidem
241 1539 356 1571 dicendi,
371 1540 465 1567 deinde
479 1545 503 1567 et
515 1540 576 1567 bene
591 1540 696 1567 dicendi
708 1540 800 1567 tribuit
815 1540 980 1575 facultatem.
994 1540 1071 1573 Quod
1085 1541 1108 1567 si
1124 1548 1214 1567 eorunt
1231 1540 1377 1575 nominum,
1392 1547 1449 1574 qua:
1461 1539 1581 1566 eumdem
1593 1540 1644 1566 vim
1659 1539 1766 1571 habent,

123 1574 231 1609 aliquod
246 1576 454 1608 prcetermissum
468 1581 519 1604 est.
536 1576 563 1602 id
577 1575 668 1602 eadem
692 1576 736 1602 via
756 1580 782 1602 et
807 1576 909 1602 ratione
932 1575 1144 1603 subaudiendum
1163 1576 1224 1602 erit.
1251 1574 1299 1602 Sin
1324 1575 1411 1601 minus
1427 1581 1495 1601 recte
1518 1583 1635 1601 mutusve
1654 1575 1768 1609 perfecte

122 1608 178 1636 hinc
191 1618 207 1636 a
222 1609 297 1636 nobis
318 1615 434 1637 tractata
446 1615 519 1641 sunt,
535 1615 582 1638 aut
596 1611 620 1638 si
634 1611 713 1638 etiam
727 1619 743 1637 a
758 1612 866 1638 veritate
881 1611 919 1638 vel
932 1612 1039 1638 omnino
1055 1611 1093 1637 rel
1106 1619 1138 1637 es
1152 1615 1227 1644 parte
1242 1610 1434 1640 aberravimus,
1452 1616 1504 1637 tute
1518 1610 1598 1644 fuerit
1613 1608 1767 1637 humanita-

123 1645 157 1671 tis
172 1645 302 1679 corrigere
316 1654 367 1672 non
381 1651 470 1679 sponte
492 1647 667 1680 ignorantem,
694 1651 719 1673 et
744 1646 898 1673 addiscendi
912 1646 1036 1680 cupidunt
1060 1647 1165 1673 edocere
1176 1653 1185 1672 :
1198 1650 1275 1680 atque
1296 1646 1376 1671 etiam
1393 1645 1464 1671 haud
1484 1646 1550 1672 satis
1569 1653 1615 1679 per
1629 1646 1767 1672 sc'valenti

121 1687 195 1714 opem
216 1680 284 1714 ferre
300 1685 323 1707 et
339 1686 468 1715 wgrotare
482 1681 580 1708 nolenti
595 1682 752 1708 medicinam
771 1683 873 1714 facere;
894 1687 918 1708 et
933 1682 988 1708 alia
1000 1681 1104 1716 quidem
1117 1690 1133 1707 a
1148 1686 1171 1708 te
1191 1681 1256 1715 ipso.
1275 1681 1330 1707 alia
1351 1689 1410 1707 vero
1447 1680 1478 1706 ab
1494 1681 1556 1716 aliis
1578 1681 1692 1712 inventa,
1719 1681 1766 1708 sed

122 1716 211 1742 omnia
232 1717 264 1741 ab
280 1717 336 1749 ipso
353 1716 421 1742 bona
434 1721 554 1751 percepta
574 1717 601 1743 in
615 1725 662 1743 nos
678 1717 874 1750 transfundere.
891 1716 983 1751 Neque
1002 1715 1025 1744 te
1045 1717 1131 1751 pigeat
1156 1716 1286 1742 hominem
1302 1717 1416 1742 amicum
1432 1716 1531 1750 afﬁcere
1544 1715 1666 1750 bene/icio
1681 1724 1690 1742 :
1706 1724 1766 1742 cum

120 1755 146 1777 et
161 1759 208 1777 nos
221 1751 309 1777 videas
326 1751 429 1778 nullam
444 1753 518 1778 nobis
534 1753 694 1779 traditarum
710 1760 849 1779 sacrarum
869 1753 1066 1780 institutionum
1081 1753 1152 1778 intra
1173 1759 1219 1778 nos
1240 1751 1410 1782 continuisse,
1428 1753 1473 1776 sed
1497 1759 1542 1778 eas
1562 1755 1645 1777 tecum
1663 1752 1767 1779 cwteris

120 1789 207 1812 sacris
222 1786 371 1814 hominibus
389 1787 557 1821 incorruptos
572 1788 789 1817 communicasse,
806 1789 844 1814 uti
865 1792 890 1814 et
911 1787 1031 1821 deinceps
1051 1787 1271 1814 communicaturi
1289 1794 1390 1817 sumus,
1407 1791 1486 1820 prout
1500 1786 1605 1821 quidem
1625 1793 1649 1813 et
1669 1795 1716 1813 nos
1731 1789 1766 1813 ad

119 1821 312 1858 dicendumcet
327 1830 404 1856 pares
416 1823 463 1849 alii
475 1823 573 1857 fuerint
585 1823 619 1849 ad
632 1823 792 1849 audiendum
805 1830 814 1848 :
830 1831 876 1849 nec
891 1823 974 1858 iniqui
987 1823 1059 1849 circa
1070 1822 1245 1858 ,traditionent
1258 1822 1368 1858 erimus,
1381 1822 1434 1858 nisi
1456 1821 1478 1858 si
1500 1822 1538 1848 vel
1562 1821 1596 1847 ad
1617 1822 1766 1858 intelligan-

119 1856 183 1893 dum
198 1857 236 1883 vel
249 1857 284 1883 ad
296 1855 613 1893 eloquendum—fuerimus
626 1859 767 1886 tardiores.
786 1858 837 1885 Sed
851 1859 906 1885 ha’c
919 1855 1034 1893 quidem,
1048 1863 1077 1884 ut
1096 1857 1150 1884 Deo
1163 1862 1293 1893 gratum,
1307 1857 1346 1883 ita
1368 1864 1395 1883 se
1418 1855 1544 1893 habeant,
1565 1861 1594 1893 et
1619 1855 1744 1883 dicantur
1755 1865 1765 1884 :

118 1897 143 1918 et
155 1892 242 1929 hicrsirt
258 1891 405 1920 divinorum
421 1891 558 1921 nominum
571 1902 629 1929 qua:
649 1899 733 1920 tuente
753 1891 934 1928 percipiuntur
948 1894 1010 1928 ﬁnis
1025 1901 1034 1920 .'
1047 1901 1116 1920 nunc
1128 1891 1169 1919 ad
1181 1891 1354 1928 theologicam
1374 1891 1558 1927 sgmbolicatn,
1578 1891 1632 1918 Deo
1643 1892 1764 1925 ducente,

120 1927 305 1989 tralrtf‘ibi'ltnlfiift;
322 1962 397 1989 illum
413 1962 494 1989 beato
509 1962 562 1990 ﬁne
572 1961 712 1990 concludit
726 1962 884 1997 Dionysius.
897 1961 985 1996 Cujus
997 1961 1130 1990 modestia
1140 1968 1170 1990 ct
1179 1962 1264 1990 animi
1277 1961 1428 1990 submissio
1439 1969 1504 1997 inon
1530 1970 1562 1988 ex
1586 1961 1628 1988 his
1645 1966 1764 1996 tntillum,

119 1998 168 2025 sed
185 2005 217 2024 ex
236 1999 297 2025 aliis
314 1998 503 2032 compluribus
527 1998 605 2029 locis,
632 2005 750 2033 quorum
778 1996 869 2032 aliqua
908 1998 974 2024 alibi
1002 1998 1153 2032 tetigimus,
1172 1998 1301 2033 cognosci
1320 2001 1419 2032 potest.
1439 1996 1635 2024 Verumtamen
1653 2006 1684 2025 ea
1702 2006 1764 2033 qua:

119 2033 295 2067 conjunctam
314 2033 416 2059 habent
435 2034 520 2068 ipsius
537 2041 601 2068 erga
619 2037 804 2068 praeceptores
821 2040 887 2061 suos
905 2033 1038 2067 insignem
1068 2035 1248 2061 reverentiam
1274 2037 1355 2067 atque
1384 2033 1502 2063 laudem,
1523 2033 1605 2059 tacite
1623 2034 1764 2067 prteterire

117 2068 167 2104 qui
184 2067 315 2103 pussmn?
333 2068 398 2094 Nam
416 2067 512 2103 optimi
531 2067 597 2096 sane
614 2067 741 2095 animiet
757 2069 935 2095 nobilissime
951 2068 1051 2095 indolis
1075 2069 1184 2104 signum
1211 2074 1251 2096 est
1275 2068 1471 2104 clarissimum,
1490 2072 1520 2094 ut
1537 2068 1673 2104 minorum
1697 2076 1763 2103 erga

119 2103 250 2138 majores,
270 2104 309 2131 sic
327 2103 525 2138 discipulorum
544 2105 676 2131 adversus
693 2109 873 2138 prmccptores
891 2111 958 2130 suos
978 2104 1066 2130 honor
1081 2109 1108 2130 ct
1126 2104 1289 2131 reverentia.
1317 2103 1382 2135 Qua:
1401 2103 1426 2128 in
1446 2107 1542 2130 sancto
1560 2103 1689 2138 Dionysio
1707 2108 1761 2130 tam

118 2138 274 2166 illustribus
291 2139 364 2165 notis
381 2141 562 2171 emicuerunt,
580 2147 662 2174 quam
680 2139 708 2165 in
727 2139 783 2166 ullo
807 2139 861 2166 alio
884 2140 1000 2166 antehac
1029 2139 1156 2167 fortassis
1173 2139 1290 2166 nomine.
1316 2138 1459 2174 Siquidem
1487 2148 1501 2164 ιι
1514 2138 1678 2172 agistrorum
1695 2145 1762 2166 suu-

117 2181 179 2210 rum
198 2174 242 2201 vix
253 2181 391 2210 unquam,
409 2182 441 2201 ac
458 2182 492 2201 ne
508 2175 552 2201 vix
570 2173 679 2209 quidem
698 2174 725 2200 in
743 2174 854 2209 scriptis
872 2174 940 2206 suis,
967 2174 1022 2201 nisi
1046 2174 1104 2201 suis
1132 2175 1288 2210 gratissima
1305 2173 1389 2210 debiti
1416 2173 1529 2210 honoris
1546 2174 1716 2208 prmi‘atiunc,
1733 2178 1762 2202 et

117 2209 161 2237 sui
180 2217 234 2244 pra:
251 2209 304 2236 illis
321 2216 419 2244 magna
437 2208 620 2237 sulnnissione
636 2214 718 2244 atque
735 2208 914 2244 despicientia
931 2208 1214 2237 commeminit.‘Nam
1241 2208 1381 2236 llierothei
1404 2209 1514 2242 quidem
1543 2210 1625 2236 unius
1642 2217 1656 2236 e
1674 2212 1761 2244 magi-

117 2243 186 2272 stris
201 2244 259 2271 suis
278 2244 358 2271 verba
372 2243 390 2271 'e
408 2244 569 2279 tltcologicis
592 2243 822 2276 institutionibus,
840 2245 873 2271 ad
892 2244 1053 2271 ﬁrmandam
1071 2245 1132 2279 cius
1149 2245 1312 2271 auctoritate
1329 2244 1496 2278 propositam
1515 2251 1530 2270 a
1547 2252 1577 2271 se
1594 2243 1758 2276 doctrinam,

116 2287 172 2306 non
191 2281 250 2306 sine
267 2279 368 2306 eximia
385 2280 507 2312 ejusdem
526 2280 605 2307 laude
622 2287 654 2306 ac
670 2281 850 2307 veneratione
871 2280 1019 2314 aliquoties
1041 2282 1142 2314 profert
1169 2281 1196 2306 in
1222 2280 1355 2307 medium.
1373 2279 1442 2306 Cum
1469 2279 1542 2305 enim
1568 2279 1760 2307 admirandam

117 2314 225 2342 Domini
243 2314 307 2341 Jesu
326 2315 353 2340 in
371 2319 450 2341 utero
467 2315 591 2350 virgineo
607 2316 822 2343 ell'ormattonem
840 2323 891 2342 nec
908 2323 1035 2343 sermone
1053 2315 1107 2342 ullo
1124 2315 1251 2350 exprimi,
1270 2322 1321 2342 nec
1338 2315 1393 2340 ulla
1410 2319 1502 2341 tuente
1519 2315 1638 2349 concipi,
1659 2322 1692 2342 ne
1709 2323 1760 2341 an-

115 2350 204 2385 gelica
221 2350 330 2384 quidem
347 2353 374 2376 et
392 2349 545 2384 seraphic’a,
563 2351 715 2382 docuisset,
734 2355 790 2378 tum
809 2352 842 2377 de
858 2350 952 2378 eadem
970 2350 1073 2378 Christi
1090 2349 1210 2378 humana
1236 2349 1413 2385 generatione
1436 2353 1517 2384 atque
1542 2350 1682 2377 miraculis
1700 2350 1759 2377 haec

115 2359 204 2385 genua
221 2359 330 2384 qutucm
347 2359 374 2376 et
392 2359 545 2384 serapmca,
563 2359 715 2382 nocuisset,
734 2359 790 2378 tum
809 2359 842 2377 oe
858 2359 952 2378 eadem
970 2359 1073 2378 umsu
1090 2359 1210 2378 numana
1236 2359 1413 2411 penerauone
1436 2359 1517 2384 atque
1542 2359 1682 2377 nui-aeuus
1700 2359 1758 2377 uecc

115 2393 182 2426 cuin
197 2385 318 2426 magistri
338 2385 440 2426 honore
457 2385 575 2420 subjecit
588 2396 594 2413 :
609 2386 792 2426 leoau'tem,
803 2387 950 2426 inquinet
964 2385 1031 2426 alibi
1045 2395 1060 2412 a
1075 2385 1150 2426 nobis
1163 2393 1236 2419 comp
1249 2385 1381 2425 uribusin
1400 2385 1464 2426 locis
1478 2385 1663 2426 demonstrata
1673 2391 1758 2426 sum,

113 2426 139 2447 et
155 2421 187 2446 ab
202 2421 300 2455 inclyta
323 2425 480 2455 praeceptore
499 2422 631 2448 nostrain
645 2422 701 2448 suis
725 2420 898 2456 Tlteoiogicis
916 2421 1134 2448 institutionibus
1157 2429 1280 2456 perquam
1301 2420 1395 2447 eximie
1418 2420 1550 2447 celebrata
1572 2428 1585 2456 :7
1599 2420 1652 2447 sive
1670 2420 1718 2447 illa
1741 2430 1758 2447 α

114 2456 201 2482 sacris
216 2455 344 2490 theologis
358 2457 496 2489 acceperit,
511 2457 564 2483 sive
577 2464 609 2483 ea:
629 2462 756 2483 accurata
780 2455 978 2490 Scripturarum
1001 2458 1208 2490 perscrutatione
1232 2456 1316 2482 multa
1339 2457 1366 2482 in
1385 2456 1424 2482 eis
1448 2455 1635 2482 ea‘ercitatione
1657 2463 1758 2491 usuque

113 2491 242 2518 diuturno
255 2492 423 2526 perspexerit,
443 2493 494 2518 sive
508 2499 540 2518 es:
556 2493 646 2526 aiiqua
661 2493 695 2518 dit
705 2493 788 2519 iuiore
804 2492 976 2526 inspiratione
989 2492 1096 2519 edoctus
1112 2492 1202 2526 fuerit,
1220 2500 1271 2518 non
1286 2491 1374 2518 studio
1386 2492 1483 2522 solum,
1499 2490 1544 2517 sed
1559 2491 1638 2517 etiam
1654 2492 1756 2525 experi-

114 2531 202 2553 mento
216 2527 304 2554 divina
323 2531 469 2556 assecutus,
492 2532 569 2562 atque
592 2535 624 2554 ex
647 2527 763 2562 quadam
782 2533 886 2554 natura:
909 2527 1087 2553 convenientia
1112 2532 1190 2562 atque
1211 2527 1389 2557 consensione,
1405 2528 1428 2552 si
1441 2529 1478 2553 ita
1503 2527 1573 2561 ioqui
1593 2526 1635 2560 fas
1650 2531 1700 2557 est,
1720 2526 1756 2552 ad

114 2563 266 2597 mysticam.
278 2567 302 2588 ct
315 2570 374 2597 qua;
389 2571 440 2589 non
454 2562 573 2595 docetur,
588 2563 633 2589 sed
647 2563 800 2597 suspicitur,
814 2563 1022 2597 conjunctiouem
1042 2567 1118 2597 atque
1134 2563 1213 2597 [idem
1227 2563 1341 2596 perfecte
1355 2567 1501 2596 provectus.
1515 2562 1599 2596 Atque
1612 2567 1641 2588 ut
1656 2562 1754 2589 multas

113 2602 139 2624 et
151 2597 240 2625 beatas
252 2598 357 2632 optima:
367 2598 441 2624 illitis
453 2598 546 2624 utentis
558 2598 747 2632 speculationes
756 2599 783 2625 in
792 2598 959 2632 paucissimis
969 2597 1116 2629 ostendam,
1127 2597 1182 2624 hwc
1193 2597 1225 2624 de
1234 2597 1298 2624 Jesu
1308 2598 1334 2623 in
1344 2597 1460 2624 collectis
1470 2606 1487 2624 a
1498 2605 1525 2624 se
1540 2597 1753 2624 institutionibus

113 2633 153 2668 ait
162 2641 171 2658 :
184 2633 308 2660 Omnium
320 2641 401 2660 causa
420 2638 459 2660 est
476 2638 501 2660 et
510 2634 726 2668 complementum
736 2633 801 2660 Jesu
813 2633 948 2664 diuinitas,
960 2638 1012 2660 etc.
1024 2632 1062 2659 Ita
1074 2633 1219 2668 Dionysius
1231 2633 1301 2659 libro
1313 2632 1349 2659 De
1358 2633 1454 2659 divinis
1466 2632 1627 2664 nominibus,
1645 2639 1707 2666 cap.
1723 2633 1750 2658 2.

113 2667 174 2695 Jam
191 2672 281 2695 autem
299 2669 423 2703 ejusdem
438 2669 502 2696 libri
515 2667 576 2704 cap.
589 2669 616 2700 5,
629 2669 674 2696 ubi
686 2669 719 2695 de
729 2669 907 2696 celeberruuo
919 2669 964 2695 illo
974 2667 1159 2703 apostolorum
1172 2669 1343 2703 aliorumque
1353 2669 1514 2703 pontiﬁcum
1524 2668 1595 2704 apud
1608 2668 1754 2704 sanctissi-

114 2711 186 2739 mam
206 2701 347 2738 Deiparam
359 2709 495 2731 conventu
508 2701 573 2739 agit,
585 2713 666 2739 quam
679 2705 803 2731 eumdem
823 2705 981 2739 magistrum
991 2701 1073 2730 Suum
1090 2704 1210 2730 extollit!
1230 2701 1362 2738 quamsd
1374 2703 1519 2738 deprimit!
1538 2703 1604 2737 Ejus
1621 2702 1703 2729 verba
1720 2701 1751 2730 S.

114 2738 287 2766 Tunotltcum
301 2739 400 2774 Ep..esi
411 2738 570 2775 episcopum
581 2738 746 2774 a’lloqucntis
757 2739 814 2766 hzcc
823 2744 887 2766 sunt
899 2749 905 2766 :
919 2738 993 2773 Apud
1010 2739 1091 2771 ipsos,
1104 2739 1203 2773 inquit,
1218 2739 1389 2775 Deoraﬂlatos
1407 2739 1544 2775 pontifices
1563 2742 1677 2767 nastros,
1690 2745 1748 2775 cum

113 2779 146 2811 et
155 2783 213 2808 nos,
225 2780 254 2801 ut
263 2773 343 2807 nosti,
357 2780 380 2801 et
403 2773 448 2802 ille
460 2773 636 2811 (Htel'otltens
646 2773 761 2811 Scilicet)
771 2783 802 2801 ac
811 2775 927 2809 plerique
940 2782 953 2800 e
963 2775 1060 2800 nostris
1071 2776 1172 2811 sanctis
1192 2774 1318 2808 fratribus
1330 2775 1363 2800 ad
1374 2773 1620 2811 contemplationem
1631 2773 1751 2811 corporis

113 2810 199 2841 illius,
215 2810 284 2844 quod
299 2811 358 2837 vitta
374 2807 532 2845 principium
542 2811 655 2845 exstitit,
675 2807 947 2845 Deumque-suscepit,
971 2810 1178 2837 convenissemus
1192 2807 1298 2844 (aderat
1315 2814 1402 2836 autem
1422 2814 1446 2835 et
1460 2807 1576 2834 Jacobus
1592 2807 1676 2841 frater
1694 2807 1749 2833 Do-

113 2846 190 2876 mi‘ni,
202 2843 226 2872 et
244 2846 338 2872 Petrus
353 2843 502 2880 supremum
515 2855 545 2872 ac
558 2843 672 2873 maxime
692 2843 868 2872 venerandum
887 2843 1064 2878 theologorum
1089 2845 1217 2880 columen)
1233 2853 1341 2879 cumqtte
1358 2854 1387 2871 eo
1402 2847 1538 2880 conspecto
1552 2844 1704 2880 placuisset,
1720 2847 1749 2868 ut

112 2882 321 2911 potentissima,"
338 2876 433 2909 divina:
448 2883 637 2909 imbecillitatis
660 2882 803 2908 bonitatem
824 2881 958 2915 pontiﬁces
973 2876 1062 2906 omnes
1086 2888 1133 2914 pro
1158 2876 1214 2906 suo,
1229 2876 1337 2914 quisque
1357 2876 1469 2915 ingenio
1484 2876 1747 2915 collaudarent,’tum

111 2917 167 2948 illc,
184 2923 211 2944 ut
232 2918 282 2944 scis
299 2917 484 2953 (llict'otltcus)
506 2918 566 2945 aliis
587 2918 707 2945 onmibus
722 2913 860 2944 sacrorum
876 2913 1010 2951 magistris
1031 2915 1171 2942 secundum
1187 2913 1317 2949 apo-Ioles
1338 2913 1514 2948 praiccllellat,
1526 2915 1596 2939 totus
1609 2913 1749 2946 excedens,
