1929 3092
181 163 234 191 859
796 161 824 189 S.
845 162 942 193 DIONY

1064 163 1203 193 ΞΟΡΑὈῘΤ
1207 165 1239 192 [Ε
1772 166 1790 194 8
1795 165 1825 194 60

183 229 298 263 totus_se
311 226 442 263 deserens,
459 231 536 261 atque.
550 227 614 263 adeo
627 226 767 263 quamdam
783 236 883 260 eorum,
898 235 957 263 qua:
971 227 1187 263 prwdicabantur
1201 225 1410 263 communionem
1432 227 1460 253 in
1478 235 1504 253 se
1527 227 1678 263 experiens,
1691 226 1724 253 ab
1740 226 1823 262 511

182 260 303 297 omnibus
317 261 360 297 qui
376 260 497 288 uidebant
511 269 535 288 et
550 262 703 293 audiebant.
719 263 763 296 qtti
786 260 927 290 noscebant
944 260 983 290 uel
998 262 1167 297 ignorabant.
1186 270 1261 289 sacro
1286 262 1392 288 numine
1415 266 1560 296 correptus,
1575 267 1599 288 et
1614 260 1825 288 laudator'dioi:

181 304 230 332 nus
246 296 430 329 judicabatur.
447 296 498 324 Sed
512 297 574 332 quid
587 306 632 332 ego
648 297 695 323 tibi
705 306 736 324 ca
749 306 807 332 qua:
822 299 854 324 de
871 298 968 325 divinis
981 296 1058 325 rebus
1078 298 1115 324 ibi
1136 297 1208 324 dicta
1226 302 1298 328 sunt,
1314 298 1535 324 commemorem?
1551 296 1613 324 Nisi
1628 299 1696 324 enini
1717 298 1824 324 meiniet

181 331 263 368 ipsius
282 331 359 368 plane
375 333 472 359 oblitus
490 341 564 368 sunt,
583 331 702 368 sciorme
723 341 824 368 quoque
846 334 893 360 abs
918 339 942 361 te
966 334 1077 360 istorum
1094 333 1241 359 divinorum
1265 332 1421 367 hymnorum
1437 337 1525 366 partes
1550 333 1655 367 aliquas
1678 333 1822 360 audiuisse.

181 367 253 392 Adeo
269 367 315 393 tibi
331 368 404 393 cordi
421 372 460 394 est
477 367 565 394 divina
580 367 651 393 Itaud
666 367 756 394 leuiter
769 369 899 403 persequi.
922 369 1016 395 Verum
1035 374 1064 394 ut
1083 369 1195 402 mystica
1207 368 1266 395 illa.
1282 372 1307 393 et
1324 368 1392 393 sicut
1408 368 1434 393 in
1450 370 1541 402 uulgus
1565 376 1616 394 non
1635 368 1779 402 e/ferenda.
1798 373 1822 394 et

182 405 307 439 tanquam
328 403 375 428 tibi
387 408 520 439 perspecta
536 403 779 439 prietermittamus,
800 405 1003 439 quotiescunque
1016 409 1108 430 nostra
1126 411 1185 439 cum
1199 403 1290 429 multis
1307 403 1511 435 communicare,
1523 409 1547 429 et
1562 404 1771 437 quamplurimas
1787 403 1823 429 ad

180 436 328 474 doctrinam
347 436 452 464 sacram.
467 437 570 474 adduci
581 439 706 471 oportuit.
723 439 768 465 ille
788 436 918 474 plerisque
941 436 1040 466 sanctis
1056 438 1219 469 doctoribus.
1235 443 1259 464 et
1278 445 1329 474 usu
1345 439 1477 474 temporis,
1499 442 1524 465 et
1546 436 1641 464 mentis
1656 439 1781 472 puritate,
1797 444 1822 465 et

180 472 435 509 demonstrationum
460 472 625 503 certitudine.
650 479 674 500 et
696 472 797 500 caneris
818 472 917 501 sancire
934 474 1088 509 eloquentia
1105 473 1278 508 facultatibus
1301 473 1372 499 haud
1391 481 1471 509 parvo
1492 473 1632 500 intervallo
1657 474 1820 500 antestabit:

179 507 219 533 ita
238 515 266 533 ut
282 513 406 534 adversus
424 513 476 534 tam
497 516 619 543 ntagnum
635 508 716 535 solent
732 514 834 536 nostros
851 509 929 544 ﬁgere
944 507 1050 536 obtutus
1074 510 1133 535 ausi
1154 516 1289 543 nunquam
1304 509 1441 542 fuerimus.
1460 508 1504 536 Ita
1527 509 1597 535 enim
1622 509 1697 535 nobis
1722 510 1823 535 conscii

180 551 281 580 sumus.
298 545 336 580 ita
349 544 475 570 sentimus
489 551 540 570 non
555 551 631 577 posse
646 552 704 574 nos.
720 553 765 570 nec
781 544 880 576 divina,
896 553 954 580 quin
968 550 1052 571 mente
1066 544 1234 580 percipienda
1259 548 1330 576 sunt,
1350 544 1417 580 satis
1439 544 1595 579 intelligere,
1612 552 1658 570 nec
1671 552 1729 580 qua:
1744 552 1824 577 super

180 577 230 614 Dei
245 579 391 612 cognitione
406 579 576 613 exprimenda
590 579 741 614 sunt.digne
756 580 834 613 effari
847 588 855 605 :
872 577 915 606 sed
928 588 987 606 cum
1002 580 1096 614 procul
1108 580 1141 605 ab
1154 588 1183 606 eo
1200 579 1328 609 absimus,
1347 578 1375 604 id
1388 580 1468 605 etiam
1484 577 1595 610 accedit,
1612 577 1681 612 quod
1702 580 1755 605 ista
1780 579 1824 605 di-

180 613 299 640 vinorum
318 614 432 640 virorum
447 614 480 640 ad
492 614 627 640 reritatem
645 613 816 649 theologicam
831 621 964 648 spectante
983 615 1094 642 scientia
1109 615 1257 649 deﬁcimur,
1273 619 1351 649 atque
1365 622 1394 640 eo
1409 622 1519 648 prorsus
1538 622 1570 641 ea:
1595 623 1689 649 magno
1706 619 1777 641 metu
1797 619 1823 640 et

180 649 322 684 reverentia
337 648 496 681 devenimus,
513 654 541 675 ut
559 649 625 676 nihil
640 648 745 676 omnino
766 649 798 676 de
819 659 896 677 sacra
913 651 1078 684 philosophia
1099 648 1146 676 nec
1167 648 1330 681 audiremus,
1353 650 1405 675 nisi
1430 649 1567 676 insedisset
1586 648 1684 682 animo,
1699 658 1751 675 non
1766 658 1823 676 esse

179 682 327 710 divinarum
341 693 429 710 rerum
444 685 702 720 quantulantcunque
717 686 890 720 cognitionem
905 682 1096 720 negligentiam.
1110 685 1186 718 Quod
1202 685 1306 720 quidem
1331 684 1405 712 nobis
1426 684 1586 719 persuadens
1606 693 1658 711 non
1675 685 1751 711 modo
1772 693 1823 710 na-

180 719 279 755 turales
293 720 419 746 mentium
436 721 605 754 appetitiones
623 729 681 755 qua:
701 719 813 751 tauiam.
832 719 959 755 quantum
973 719 1065 755 capere
1082 725 1202 755 possunt,
1218 729 1306 746 rerum
1328 720 1480 746 sublimium
1501 721 1747 754 contemplationem
1763 725 1823 746 stu-

178 754 251 781 a'iose
262 763 362 789 semper
373 755 509 789 affectant,
525 756 570 782 sed
586 754 644 790 ipsa
664 764 764 791 quoque
790 754 939 782 divinarum
965 754 1050 790 legum
1073 754 1171 789 optima
1195 756 1338 787 institutio,
1351 763 1409 790 quae
1420 763 1452 782 ea
1465 754 1580 790 quidem,
1597 763 1655 790 (μιαν
1676 763 1758 789 supra
1774 763 1822 781 nos

179 795 250 822 sunt,
264 795 389 826 tanquam
404 792 525 817 meritum
541 796 566 818 et
585 796 690 824 captum
705 792 868 822 excedentia,
884 796 952 818 vetat
975 792 1107 818 curiosius
1123 791 1298 826 investigare;
1313 793 1402 817 omnia
1417 799 1475 817 vero
1488 798 1546 825 qua:
1559 791 1688 826 permissa
1710 795 1735 817 et
1757 799 1823 826 con-7

179 832 250 862 cessa
265 831 336 857 sunt,
350 826 425 860 jubet
444 831 542 853 attente
558 826 706 853 condiscere
720 832 743 852 et
760 827 866 862 benigne
885 835 945 853 cum
966 827 1028 853 aliis
1042 826 1247 853 communicare.
1265 825 1316 852 His
1332 826 1413 860 igitur
1433 830 1457 852 et
1477 833 1528 862 gnos
1550 825 1662 857 inducti,
1683 830 1762 860 atque
1786 825 1821 852 ad

179 859 337 892 diuinorum,
351 859 479 896 quatenus
492 862 595 897 assequi
607 862 666 888 licet
682 859 867 892 inventionem.
883 869 928 888 nec
945 862 1030 888 labori
1045 866 1192 896 parcentes,
1209 869 1255 888 nec
1269 859 1372 888 inertia:
1387 861 1565 897 concedentes,
1586 862 1639 897 imo
1654 869 1699 887 nec
1716 859 1760 887 eos
1776 861 1821 895 qui

179 897 276 932 nostris
292 895 390 923 altiora
402 895 575 931 conmnplari
593 905 643 923 non
661 897 757 927 valent,
772 898 868 932 absque
887 898 1005 923 subsidio
1021 895 1166 932 relinquere
1186 897 1357 927 sustinentes,
1374 897 1492 922 animum
1506 895 1540 922 ad
1555 896 1722 932 scribendum
1737 903 1822 930 appu-

179 930 278 966 litnus;
299 932 366 958 nihil
381 932 484 966 quidem
498 930 556 958 noui
572 932 695 958 inducere
707 933 777 964 ausi,
793 930 837 959 sed
855 932 1038 959 minutioribus
1064 930 1206 962 duntaxat,
1222 936 1245 958 et
1264 931 1470 965 particularibus
1486 931 1643 966 quibusdam
1665 932 1821 958 instructio-

179 965 265 1002 nirbus,
283 975 313 993 ea
324 965 578 1002 qutcrcompeudinse
589 976 605 993 a
620 972 710 994 nostra
726 975 781 994 rere
799 967 940 994 Hierottteo
959 968 1030 994 dicta
1042 972 1114 998 sunt,
1131 967 1284 993 distincturi
1303 971 1380 1001 atque
1393 965 1572 1001 explanaturi.
1586 966 1727 994 Hactenus
1737 967 1821 993 verba

178 999 300 1062 Rionysii
319 999 353 1030 de
368 1010 397 1029 se
414 999 470 1030 tam
489 1004 608 1030 tenuiter
627 1007 710 1037 atque
737 1003 886 1035 submisse,
904 1010 986 1038 quam
1002 1002 1037 1030 de
1053 1007 1222 1038 praeceptore
1247 999 1395 1030 Hierotheo
1426 999 1585 1029 reverenter
1609 1009 1643 1028 ac
1670 1002 1823 1029 honoriﬁce

199 1041 261 1062 icta.

199 1041 261 1064 tcta.

215 1071 252 1098 De
266 1079 320 1107 quo
339 1080 436 1100 rursus
452 1073 541 1108 capite
556 1073 573 1100 4
591 1072 713 1107 ejusdem
732 1073 793 1100 libri
811 1073 852 1100 sic
869 1072 906 1099 ait
934 1083 940 1099 :
968 1072 1032 1099 Ηίῑνε
1051 1073 1132 1099 etiam
1156 1072 1301 1107 praeclarus
1326 1072 1371 1099 ille
1392 1077 1481 1099 uoster
1506 1080 1644 1099 sacrorum
1668 1072 1822 1100 moderator

178 1106 364 1143 (Hicrotlieus)
380 1109 406 1134 in
420 1106 525 1143 ltgmnis
541 1111 669 1135 uitiatoris
684 1108 771 1135 divine
785 1109 916 1143 exposuit.
933 1107 1052 1140 Quorum
1068 1108 1109 1134 hic
1125 1109 1284 1139 meminisse,
1301 1112 1325 1134 et
1339 1112 1429 1134 nostra
1445 1107 1483 1134 De
1499 1115 1592 1135 amore
1609 1109 1737 1135 tractatui
1751 1108 1821 1134 velut

177 1151 283 1178 sacrum
301 1143 433 1178 quoddam
457 1149 534 1178 caput
557 1144 704 1175 adnectere,
720 1144 791 1170 haud
820 1144 870 1170 erit
894 1143 1020 1170 alienum.
1048 1143 1176 1170 Adncctit.
1202 1144 1301 1170 deinde
1325 1143 1390 1170 illud
1414 1146 1507 1178 caput,
1525 1144 1597 1178 quod
1624 1144 1658 1170 ad
1675 1144 1823 1178 ipsiusmet

178 1177 317 1214 lliei'othei
337 1178 425 1205 Vitam
442 1179 548 1206 dill'ero.
567 1179 641 1206 Adeo
664 1180 705 1205 vir
723 1180 768 1206 ille
791 1184 903 1206 sanctus
927 1183 1060 1213 quantum
1084 1179 1299 1214 praceptorihus
1325 1183 1351 1205 et
1381 1185 1471 1205 rerum
1498 1178 1653 1205 divinarum
1680 1177 1823 1213 magistris

178 1213 324 1240 deberetur
342 1214 454 1242 honoris
471 1220 498 1241 et
514 1214 707 1245 observantiae,
730 1222 785 1241 non
801 1214 970 1248 intelligebat
987 1214 1079 1245 modo,
1103 1215 1150 1241 sed
1173 1215 1254 1241 etiam
1273 1214 1376 1248 absque
1393 1214 1468 1240 omni
1485 1214 1586 1240 invidia
1605 1222 1659 1249 pra!
1674 1221 1704 1240 se
1721 1215 1824 1248 gratis!

179 1248 249 1274 siuto
267 1249 358 1275 animo
375 1250 490 1280 terebat,
516 1250 688 1284 posterisque
705 1250 841 1277 tradebat.
859 1249 931 1282 Quin
957 1249 1037 1276 etiam
1058 1257 1145 1282 neque
1161 1250 1298 1279 canitiem.
1318 1256 1400 1284 quam
1428 1257 1495 1276 suus
1522 1248 1620 1276 doctor
1642 1249 1821 1280 Hierotlicus,

179 1285 322 1310 materiam
340 1289 403 1311 ante
428 1292 514 1312 ausus
530 1290 571 1312 cst
590 1290 767 1318 pertractare,
786 1292 866 1319 quant
892 1285 996 1311 clarum
1023 1284 1143 1316 fecisset,
1162 1285 1187 1311 id
1206 1292 1236 1311 se
1262 1285 1333 1311 bona
1357 1284 1417 1318 ejus
1437 1285 1529 1316 venia,
1555 1285 1610 1311 into
1629 1292 1712 1312 suasu
1738 1289 1823 1319 atque

176 1318 258 1360 jussu
277 1320 366 1346 lacere
381 1330 386 1346 :
401 1327 453 1360 _nec
472 1325 525 1346 tant
544 1328 604 1354 qua:
622 1320 666 1360 ille
684 1321 769 1347 ardua
788 1318 870 1355 atque
886 1319 1006 1360 (limcilia
1025 1320 1243 1360 perscripsisset_
1256 1320 1409 1360 majoribus
1422 1320 1526 1360 animis
1542 1321 1714 1360 et_pet_'_t‘ectis
1732 1318 1825 1360 sensi-

179 1354 231 1380 bus
249 1355 435 1381 acconnnoda:
454 1363 536 1389 quam
554 1363 614 1390 qlia:
631 1355 701 1382 idem
720 1354 850 1390 tanquam
868 1355 973 1382 minora
991 1356 1132 1382 omisisset
1148 1356 1182 1382 ah
1199 1354 1261 1390 aliis
1284 1355 1456 1390 explicanda,
1474 1359 1502 1381 et
1519 1354 1685 1382 tardioribus
1702 1355 1824 1390 ingeniis

178 1390 350 1426 exponenda,
378 1397 438 1417 sese
455 1391 544 1417 alieno
563 1395 659 1424 rogatu
689 1389 801 1426 scriptis
824 1390 956 1417 mandare
978 1393 1120 1424 professus
1137 1395 1220 1418 esset.
1240 1389 1268 1416 ln
1286 1391 1386 1425 quibus
1405 1394 1458 1416 tam
1476 1396 1588 1426 propter
1604 1389 1758 1425 exemplum
1775 1391 1822 1424 ju-

177 1425 309 1454 ventutis,
327 1432 388 1459 quae
404 1425 468 1452 olitn
486 1433 551 1453 suos
570 1426 717 1460 magistros
730 1425 772 1453 liis
783 1429 869 1453 tracta
887 1426 1009 1460 vestigiis
1021 1426 1207 1457 venerabitur,
1221 1433 1302 1460 quani
1320 1426 1383 1459 quia
1400 1427 1485 1452 sancti
1504 1425 1624 1460 Dionysii
1643 1426 1823 1460 perillustris,

178 1464 205 1486 et
222 1460 348 1496 omnibus
365 1461 518 1487 aemulanda
536 1461 714 1495 scriptoribus
731 1466 785 1488 tam
803 1468 852 1488 sua
869 1462 1054 1494 extenuantis,
1072 1469 1153 1496 quam
1176 1461 1264 1488 aliena
1286 1460 1442 1488 extollentis
1457 1461 1547 1487 elucet
1571 1461 1703 1488 modestia
1722 1461 1826 1496 animi-

178 1502 231 1531 que
258 1495 416 1528 submissio,
446 1504 498 1523 non
525 1496 626 1531 pigebit
643 1497 840 1531 aliquantisper
865 1496 892 1522 in
917 1495 1093 1524 monstranda
1118 1501 1200 1523 tanta:
1217 1496 1326 1522 virtutis
1352 1495 1556 1531 pulchritudine
1583 1497 1734 1523 itmnorari.
1759 1495 1825 1523 Haec

179 1529 263 1564 igitur
280 1537 344 1558 sunt
361 1532 452 1566 magni
469 1529 639 1567 Areopagitae
656 1529 738 1558 verba
758 1544 764 1558 ;
783 1529 834 1558 Sed
848 1531 942 1566 aliquis
958 1533 1070 1567 requiret
1087 1532 1200 1566 fortasse
1214 1531 1276 1566 quid
1299 1531 1334 1557 sit
1353 1529 1526 1566 quamobrem
1543 1536 1680 1566 postquam
1697 1539 1826 1558 teneren-

178 1566 226 1591 dus
241 1571 385 1600 prarceptor
397 1572 485 1593 noster
503 1566 658 1593 tlierottieus
683 1567 862 1598 Tlieologicas
875 1567 1061 1594 institutiones
1074 1567 1276 1601 perexcellenter
1296 1567 1439 1601 collegerit.
1454 1575 1501 1593 nos
1514 1567 1585 1601 jam,
1597 1568 1674 1601 quasi
1694 1567 1750 1593 ίιιω
1773 1567 1829 1592 mi-

178 1608 227 1627 nus
254 1602 408 1636 sufﬁcerent,
434 1610 513 1628 novas
542 1603 610 1628 alias
635 1607 659 1628 et
684 1603 831 1636 praesertim
853 1602 920 1628 hanc
949 1602 1104 1637 theologiam
1127 1603 1372 1636 conscripserimus.
1391 1602 1471 1634 Atqui
1491 1603 1515 1628 si
1537 1601 1582 1628 ille
1606 1603 1710 1636 quidem
1733 1604 1826 1628 omnia

177 1643 236 1667 quic-
260 1640 294 1662 ad
322 1637 478 1672 tlteologiam
512 1638 653 1671 pertinent,
672 1645 704 1664 ea:
728 1639 819 1664 ordine
846 1638 1018 1664 commentari
1043 1638 1176 1670 voluisset,
1194 1645 1225 1663 ac
1248 1637 1328 1663 totius
1353 1637 1638 1672 tlteologite'summam
1663 1637 1826 1664 brevissimis

178 1672 397 1704 explicationibus
421 1674 550 1707 persequi,
572 1681 602 1699 eo
625 1674 739 1700 uesanite
757 1678 804 1699 aut
831 1673 987 1698 temeritatis
1012 1681 1147 1708 nunquam
1169 1673 1391 1706 prorupissemus,
1408 1677 1437 1698 ut
1453 1681 1499 1699 nos
1515 1673 1562 1699 illo
1575 1673 1772 1708 arbitraremur
1786 1672 1827 1699 cel

177 1707 353 1741 perspicacius
370 1716 410 1735 res
423 1708 579 1742 t/teolngicas
595 1716 649 1734 esse
665 1713 832 1735 exsecuturos
847 1708 885 1734 uel
900 1708 1032 1740 divinius;
1056 1710 1136 1743 neque
1159 1709 1220 1735 item
1240 1709 1358 1734 animant
1378 1708 1574 1735 induaissemus
1586 1709 1613 1734 in
1629 1708 1721 1734 iisdem
1735 1707 1828 1734 labore

178 1749 370 1775 supervacaneo
386 1744 529 1777 repetendis
545 1751 651 1777 operam
675 1749 795 1770 nostram
819 1743 927 1774 ludere;
951 1744 1013 1778 quid
1027 1743 1113 1769 dicam
1129 1747 1154 1770 et
1165 1749 1350 1778 praeceptorem
1372 1748 1396 1770 et
1420 1744 1534 1769 anticum
1551 1751 1583 1770 ea:
1602 1743 1678 1777 cujus
1693 1743 1828 1777 pra’cipue

179 1778 342 1805 sermonibus
359 1779 502 1805 secundum
527 1778 644 1805 divinum
670 1778 786 1805 Paulum
811 1779 927 1804 instituti
945 1786 1048 1809 sumus,
1064 1778 1165 1812 injuria
1191 1779 1301 1813 afﬁcere,
1324 1783 1349 1805 et
1369 1779 1619 1813 prwstantissimam
1633 1779 1690 1812 ejus
1706 1784 1827 1805 contem-

178 1813 269 1846 plandi
285 1814 422 1840 scientiam
443 1819 468 1840 et
497 1814 683 1847 ea‘posilionem
700 1814 851 1848 sti/furari?
873 1813 924 1840 Sed
940 1821 998 1839 cum
1014 1814 1038 1840 is
1057 1814 1147 1840 divina
1165 1814 1280 1848 graviter
1303 1813 1460 1847 explanatis,
1481 1813 1679 1848 compendiosas
1703 1813 1780 1840 nobis
1802 1818 1828 1840 et

179 1849 264 1874 multa
284 1848 393 1876 breviter
407 1849 607 1883 complectentes
622 1849 787 1883 deﬁnitiones
802 1849 963 1882 exposuerit,
979 1849 1109 1884 simulque
1124 1850 1298 1879 mandaverit,
1315 1854 1343 1875 ut
1363 1854 1388 1876 et
1409 1857 1456 1875 nos
1470 1856 1517 1882 pro
1536 1849 1617 1881 uirili,
1631 1853 1655 1876 et
1676 1850 1828 1884 quicunque

178 1884 263 1909 nostri
278 1884 377 1910 similes
392 1884 529 1910 radiorum
544 1889 603 1910 sunt
620 1885 771 1910 animarum
796 1884 926 1918 magistri,
944 1889 1005 1914 apto
1022 1892 1141 1910 sermone
1164 1885 1251 1911 breves
1267 1885 1329 1910 illas
1344 1891 1368 1911 et
1385 1885 1532 1919 singulares
1550 1885 1644 1911 utentis
1667 1884 1743 1911 illius
1762 1892 1827 1918 per—

177 1919 366 1951 spicacissimw
377 1920 521 1946 sententias
538 1919 740 1953 ea'plicaremus,
760 1925 836 1954 tuque
851 1926 904 1951 ipse
920 1927 978 1949 nos,
993 1928 1008 1945 o
1025 1919 1168 1949 Timet/tce,
1189 1920 1222 1946 ad
1244 1920 1311 1946 idem
1326 1920 1508 1953 prastandum
1529 1927 1708 1953 swpenumero
1724 1924 1828 1946 exhor-

179 1959 251 1980 tatus
269 1955 316 1985 sis,
334 1960 359 1980 et
373 1955 448 1981 nobis
463 1955 519 1989 ejus
534 1954 632 1980 librum
645 1959 770 1990 tanquam
786 1954 966 1980 sublimiorem
982 1955 1115 1981 remiseris
1128 1963 1137 1982 :
1153 1955 1213 1981 hinc
1227 1960 1252 1981 et
1268 1963 1313 1981 nos
1331 1955 1406 1981 ilium
1423 1960 1451 1981 ut
1466 1955 1641 1990 perfecturum
1654 1961 1733 1990 atque
1749 1962 1828 1982 exer-

178 1990 322 2025 citatorunt
336 1990 499 2024 ingeniorum
516 1990 673 2024 magistrum
685 1991 718 2016 iis
735 1990 780 2024 qui
794 1997 875 2023 supra
890 1989 982 2024 vulgus
999 1990 1116 2024 sapiunt,
1132 1991 1291 2016 secernimus
1307 1990 1414 2025 ejusque
1427 1992 1525 2024 scripta
1540 1991 1607 2017 velut
1623 1991 1708 2016 altera
1725 1991 1828 2024 scripta

178 2023 284 2056 divinis,
300 2030 324 2052 et
340 2023 492 2059 apostolicis
508 2026 631 2059 proxima
652 2023 803 2058 reputemus
817 2032 825 2050 :
841 2025 925 2051 nostri
949 2029 1039 2060 autem
1060 2025 1193 2052 similibus
1213 2033 1260 2060 pro
1285 2023 1375 2051 nostro
1390 2030 1415 2051 et
1428 2026 1544 2059 ipsorum
1559 2030 1637 2058 captu
1658 2033 1700 2052 res
1719 2023 1828 2052 diuinas

177 2067 347 2092 emponemus.
364 2061 393 2088 Si
407 2062 475 2087 enim
492 2061 666 2095 perfectorum
680 2065 719 2086 est
729 2059 831 2086 solidus
850 2059 935 2091 cibus,
956 2059 1024 2086 alios
1038 2068 1068 2086 eo
1083 2068 1190 2095 pascere
1199 2065 1306 2095 quanta'
1323 2062 1491 2095 perleclionis
1511 2062 1568 2088 est?
1584 2060 1662 2087 Recte
1680 2061 1765 2095 igitur
1780 2061 1830 2087 hoc

178 2103 278 2130 quoque
293 2105 308 2122 a
324 2096 398 2122 nobis
411 2096 509 2122 dictum
524 2100 573 2127 est,
588 2096 690 2121 claram
708 2095 783 2121 illam
795 2100 819 2122 et
838 2103 883 2129 per
896 2103 922 2122 se
935 2096 1069 2121 oculatum
1090 2096 1269 2129 spiritualium
1283 2095 1447 2130 eloquiorum
1465 2096 1710 2130 contemplationem
1724 2100 1748 2122 et
1763 2105 1828 2122 suc-

178 2131 290 2167 cinctam
306 2139 396 2158 eorum
406 2131 561 2167 doctrinam
575 2131 770 2157 exercitatior-is
782 2131 898 2167 indigere
911 2130 1067 2167 facultatis;
1078 2139 1231 2167 sermonum
1246 2135 1333 2157 autem
1344 2131 1388 2166 qui
1399 2139 1429 2158 eo
1442 2131 1583 2162 deducant,
1596 2132 1735 2157 scientiam
1749 2138 1830 2167 atque

177 2165 348 2201 disciplinam
369 2166 540 2201 inferioribus
555 2174 692 2192 sacrorum
709 2166 896 2200 mysteriorum
912 2166 1047 2200 magistris
1067 2166 1148 2201 juata
1166 2171 1190 2193 et
1215 2166 1352 2200 discipulis
1372 2167 1517 2193 convenire.
1540 2166 1699 2201 Quanquam
1716 2172 1741 2193 et
1757 2165 1829 2194 iitud

177 2209 278 2236 quoque
293 2211 309 2228 a
323 2202 397 2229 nobis
410 2210 534 2237 perquam
558 2201 697 2236 diligenter
717 2206 756 2228 est
779 2201 957 2237 observatum,
985 2206 1096 2237 ntiqua!
1115 2201 1218 2228 divinus
1233 2201 1312 2236 512
1324 2201 1369 2228 ille
1391 2206 1534 2236 praitepter
1554 2201 1635 2236 plana
1658 2203 1831 2236 expositione

177 2236 354 2268 distinxisset,
370 2238 444 2264 nullo
459 2237 536 2263 modo
553 2238 751 2272 attingeremus,
764 2244 810 2263 nec
826 2238 859 2263 iis
875 2244 934 2271 quin
944 2236 1000 2269 ipse
1015 2236 1198 2268 dilucidasset,
1217 2237 1302 2263 denuo
1319 2236 1464 2272 repetendis
1480 2242 1567 2263 actum
1585 2245 1734 2271 ageremus.
1754 2238 1829 2265 Hac-

178 2275 258 2299 tentts
276 2272 397 2308 Dionysii
415 2273 595 2307 Areopagum,
614 2271 665 2299 \iiri
684 2273 710 2298 in
730 2273 847 2299 maxima
864 2278 891 2298 et
908 2271 1105 2308 sublimissima
1123 2273 1237 2299 scientia
1256 2273 1334 2306 longe
1357 2272 1552 2299 modestissimi
1570 2274 1651 2299 verba
1671 2274 1754 2307 plane
1780 2282 1829 2300 au-

178 2314 235 2343 rea,
253 2316 313 2342 quae
330 2306 438 2335 cunctis
462 2306 546 2335 siorie
563 2308 705 2342 theologia:
731 2308 900 2339 doctoribus,
920 2306 966 2334 sed
978 2310 1011 2343 et
1027 2307 1194 2342 quibuslibet
1219 2307 1280 2334 aliis
1303 2315 1531 2342 quartuncunque
1548 2309 1646 2334 artium
1671 2306 1829 2343 magistris,

179 2342 226 2368 sed
244 2346 334 2369 tanien
353 2343 406 2370 illis
430 2344 583 2378 potissimo,
607 2348 636 2369 ut
659 2343 783 2377 ejusdem
806 2343 890 2370 studii
913 2342 1105 2373 corrivalibus,
1129 2350 1191 2370 cum
1216 2343 1390 2378 Christiana)
1408 2343 1613 2374 submissionis,
1638 2347 1696 2369 tum
1725 2342 1773 2371 de".
1787 2345 1831 2371 ita:

179 2378 340 2410 maroribus,
359 2383 386 2404 et
404 2377 555 2413 praesertim
573 2378 714 2413 magistris
738 2378 796 2406 suis
823 2377 984 2405 reverentia:
1009 2377 1135 2412 exemplo
1156 2386 1219 2405 esse
1235 2378 1363 2405 debeant.
1384 2377 1484 2405 Verum
1509 2377 1543 2405 de
1570 2379 1707 2406 modestia
1730 2384 1829 2407 satis:

178 2420 252 2440 nunc
269 2421 398 2448 germana
415 2414 476 2448 ejus
493 2413 677 2440 mansuetudo
693 2413 792 2448 inspici
811 2413 896 2448 cupit.

886 2470 1002 2498 CAPUT
1024 2469 1117 2498 XXIV.

569 2517 690 2553 Dionysii
710 2518 898 2550 mansuetudo,
916 2524 940 2545 et
961 2519 1173 2546 mansuetudinis
1193 2519 1396 2547 commendatio.

217 2563 306 2592 Sancti
325 2564 447 2605 Dionysii
466 2566 606 2605 modestia:
619 2574 711 2594 comes
723 2568 903 2605 mansuetudo
923 2567 1066 2605 jungatur.
1084 2566 1189 2605 Quibus
1207 2568 1308 2595 scilicet
1328 2572 1356 2595 ut
1373 2569 1489 2604 geminis
1507 2570 1701 2605 germanisque
1719 2573 1831 2598 sorori-

178 2603 240 2633 hus,
252 2609 325 2639 cumh
333 2602 433 2635 scripta
451 2601 511 2634 ejus
528 2605 637 2639 extera,
663 2606 721 2639 tum
738 2603 861 2639 epistolae
878 2601 1030 2639 praesertim
1047 2603 1169 2638 insignes
1193 2609 1268 2635 sunt,
1287 2601 1397 2638 tresque
1415 2601 1600 2639 potissimum,
1619 2601 1673 2632 una
1692 2606 1727 2632 ad
1746 2606 1832 2639 Poly-

178 2643 290 2670 carpun:
309 2635 432 2674 smyrnae
458 2636 633 2674 pontificem,
662 2635 809 2665 altera—ad
835 2635 1025 2674 Dcinophilum
1053 2635 1228 2670 monachum,
1248 2640 1327 2666 tertia
1353 2635 1388 2666 ad
1415 2635 1564 2674 Sopatrum
1588 2635 1775 2669 sacerdotem.
1801 2637 1830 2669 in

179 2679 293 2711 quarum
313 2671 398 2706 prima
417 2671 513 2698 leniter
531 2671 882 2711 adtttodum‘etmansuete
898 2671 1098 2711 cottjectunrin
1116 2682 1145 2701 se
1162 2674 1372 2711 Apollophanis
1385 2671 1467 2709 grave
1485 2675 1641 2702 convicium
1659 2681 1807 2711 retorquet
1822 2688 1830 2705 :

179 2707 326 2746 secundum
345 2714 410 2734 vero
428 2710 512 2734 totam
532 2708 591 2746 fere
605 2707 631 2734 in
645 2707 747 2746 eximia
765 2708 986 2746 mansuetudinis
1002 2708 1082 2746 laude
1099 2707 1294 2746 consuiuitfln
1313 2707 1397 2737 tertia
1410 2718 1493 2746 quam
1512 2711 1634 2746 suayiter
1650 2719 1714 2737 cum
1730 2707 1831 2746 probis

179 2742 319 2780 virisalia
340 2750 420 2776 quam
447 2750 504 2780 nos
524 2742 705 2780 sentientibus
728 2744 864 2780 agendum
893 2744 1053 2780 sittipsius
1080 2752 1137 2771 sum
1163 2745 1285 2779 epistolae
1310 2742 1436 2780 exentplo
1466 2745 1547 2772 docet
1562 2742 1590 2778 *ς
1608 2750 1651 2773 est
1679 2742 1754 2773 enini
1781 2747 1829 2774 illa

179 2777 297 2816 graviter
311 2778 389 2812 juxta
406 2781 433 2804 et
450 2778 656 2812 perhumaniter
668 2777 789 2816 scripta.
807 2777 999 2816 Dionysiohoc
1011 2787 1151 2816 proprium
1168 2777 1230 2812 fuit,
1250 2785 1277 2806 ut
1295 2788 1344 2807 sua
1362 2777 1509 2816 conaretur
1525 2777 1614 2808 solide
1630 2782 1828 2816 comprobare,

178 2813 266 2851 aliena
284 2820 338 2839 non
356 2821 520 2848 magnopere
533 2820 646 2851 curaret
663 2813 887 2848 (nisisimultum
906 2813 1030 2848 religioni
1049 2813 1197 2851 uincerent)
1215 2815 1341 2843 refutare.
1362 2815 1476 2843 Ostensa
1493 2816 1564 2843 cuitu
1584 2821 1660 2843 certo
1675 2813 1703 2843 cf
1720 2813 1828 2851 liquido

180 2848 280 2874 veritas
294 2856 402 2875 onmem
419 2849 585 2876 contrariam
605 2849 750 2876 talsitateni
766 2857 816 2876 suo
835 2853 921 2876 marte
938 2850 1104 2884 supplantat.
1130 2848 1208 2883 Quod
1234 2851 1304 2878 idem
1331 2851 1388 2886 ipsc
1413 2852 1440 2878 in
1456 2851 1577 2886 Epistola
1594 2851 1627 2878 ad
1647 2851 1676 2879 S.
1690 2848 1828 2889 Poljcar-

213 2914 289 2944 "Esl
311 2917 381 2945 inter
405 2919 535 2954 epistolas
561 2919 648 2948 sancti
672 2918 793 2955 Dionysii
818 2918 913 2948 ordine
939 2924 1026 2947 sexta.
