1929 3092
135 174 185 202 εις-ι
648 173 739 209 VlTA,
752 174 857 203 AUCT.
873 175 893 203 P

1017 174 1076 204 01X
1093 175 1167 204 50‘}.
1187 175 1281 203 JESU.
1725 182 1778 210 εδδ

838 249 954 277 CAPUT
974 250 1069 278 XXIII.

659 310 782 346 Dionysii
795 311 925 339 modestia
941 320 987 339 seu
1001 312 1084 339 animi
1100 312 1251 340 submissio.

168 370 259 409 Altera
273 378 335 409 qua:
359 371 387 409 in
398 370 526 407 Dionysii
545 371 657 407 scriptis
673 376 750 409 grato
765 376 879 408 aspectu
899 377 926 401 et
948 373 1027 408 quasi
1043 373 1197 400 verecundo
1223 381 1271 401 ore
1292 373 1420 406 collucet,
1436 377 1635 409 proptereaque
1650 375 1777 405 omntbus

133 407 231 443 merito
248 406 399 443 adatnanda
415 410 441 434 et
459 415 567 442 semper
579 406 609 434 in
624 406 685 435 sinu
703 406 829 435 habenda
846 406 1039 442 scriploribus.
1052 414 1093 435 est
1108 409 1254 439 modestia,
1266 409 1339 435 velut
1355 409 1405 435 lida
1421 406 1529 443 pietatis
1540 406 1625 440 socia,
1640 415 1666 437 et
1679 410 1775 439 intima

133 442 348 478 contubernalis.
363 441 429 475 Qua:
444 441 576 470 modestia
591 443 619 470 in
634 443 817 471 aestimatione
831 441 930 478 ingenii
946 449 1027 478 atque
1047 444 1143 477 judic'ti
1168 444 1252 478 (quod
1269 445 1325 471 fere
1350 444 1375 471 in
1393 441 1548 471 hominibus
1569 446 1639 473 solet
1652 453 1713 473 esse
1728 455 1777 474 su-

134 476 337 515 perbissimum)
353 486 408 515 non
425 478 515 515 minus
527 486 608 513 quam
626 480 733 506 exteris
749 479 775 506 in
789 476 870 506 rebus
889 487 902 505 a
921 476 1020 515 magno
1033 476 1197 515 Areopagita
1214 484 1386 514 peramanter
1401 480 1551 514 strictoque
1561 481 1704 515 complexa
1721 486 1774 510 est.

133 511 210 544 Quod
226 520 338 550 ctttnett
350 513 411 550 aliis
436 513 514 550 locis.
532 511 587 540 tum
599 522 669 550 ivero
681 522 696 541 e
711 515 800 542 tribus
821 511 980 549 potissimo:
995 522 1049 541 ttno
1074 511 1115 541 De
1131 511 1228 541 cielesli
1246 515 1402 545 hierarchia,
1419 511 1514 542 altero'
1529 515 1565 542 De
1584 511 1774 550 ecclesiastica,

134 549 212 587 tertio
233 547 277 587 De
284 547 387 587 divinis
397 549 546 587 nominibus
563 549 653 584 colligi
676 549 751 587 licet.
765 547 833 576 Nam
849 551 876 577 in
891 552 978 587 primo
991 550 1099 585 quidem
1116 550 1213 577 horum
1234 550 1379 587 librorum,
1398 556 1548 587 postquam
1561 559 1643 586 super
1657 559 1688 579 ea
1701 547 1777 587 quae;

133 583 241 625 stiune:
258 582 418 625 Cur‘Isaias
430 584 560 625 propheta
575 582 702 625 purgatus
724 584 830 625 dicatur
846 594 861 612 a
876 582 1019 625 seraphini,
1036 593 1114 625 suam
1140 586 1313 620 exposuisset
1335 582 1521 625 sententia-mn,
1542 582 1659 625 ingenue
1684 582 1776 625 fassus

131 621 173 655 est
188 626 247 655 eam
262 625 291 645 se
304 618 338 655 ab
350 619 408 655 alio
420 619 561 650 didicisse,
577 624 604 646 et
617 618 733 647 libenter
748 621 870 655 quidem,
892 621 915 648 si
936 618 1033 649 melior
1055 618 1183 648 inferatur
1206 625 1373 648 mutaturum
1398 629 1470 648 esse.
1495 620 1541 647 Sic
1560 618 1631 649 enim
1653 623 1749 650 scribit
1767 634 1775 652 :

132 653 215 687 Atque
230 653 277 691 hoc
291 654 397 688 quidem
412 654 457 681 ille
473 663 513 691 me
528 656 618 682 docuit
631 663 639 681 :
650 655 704 691 tibi
726 653 814 683 autem
831 655 918 683 trado.
937 656 1001 683 Tua:
1020 657 1070 682 erit
1085 656 1222 689 sapientia:
1237 661 1315 691 atque
1328 656 1497 687 eruditionis,
1514 661 1560 683 aut
1583 656 1695 684 alteram
1712 667 1778 685 σαν,-
1798 685 1802 689 η

132 697 222 715 sarum
239 688 384 716 allaturum
400 691 471 717 omni
485 690 565 717 dubio
579 690 712 718 exsolvere
726 696 750 718 et
765 691 853 723 alteri,
868 697 897 717 ut
913 699 1015 726 (equam
1031 697 1054 718 et
1069 688 1168 718 rationi
1183 688 1395 722 consentaneum,
1410 697 1434 718 et
1451 700 1538 718 veram
1554 692 1687 725 fortassis,
1702 699 1777 721 ante-

131 731 239 762 ponere,
255 729 300 750 aut
315 729 399 752 tecum
415 726 517 762 aliquid
531 726 601 761 quod
610 727 719 760 propius
732 727 767 754 sit
785 727 888 754 veritati
909 728 1066 762 excogitare,
1085 731 1131 753 aut
1154 726 1186 753 ab
1205 726 1259 753 alio
1276 727 1422 758 addiscere,
1437 726 1492 754 Deo
1510 727 1609 754 scilicet
1630 736 1776 756 sermonem

131 759 324 798 suppeditante,
345 765 370 788 et
383 759 482 798 angelis
497 759 685 796 deferentibus,
705 767 782 798 atque
796 764 834 789 ita
852 759 984 798 nobisqui
999 763 1152 798 angelorum
1168 761 1281 789 studiosi
1292 771 1387 798 sumus
1406 762 1557 794 clariorem,
1574 764 1598 790 si
1611 763 1668 798 ﬁeri
1680 765 1774 797 passit,

130 799 154 821 et
170 794 316 833 chariorem
329 794 475 833 patefacere
495 794 750 833 contemplationem.
765 797 803 824 Ita
817 798 862 824 ille
877 797 907 825 S.
927 794 1080 825 Timotheo.
1100 797 1203 824 Deinde
1220 797 1343 832 ejusdem
1361 798 1423 826 libri
1446 794 1615 832 pOstremuni
1631 794 1714 833 cap-ut
1736 794 1776 827 ila

130 830 246 868 pulchro
262 831 312 868 line
328 832 493 868 concludit:
514 832 579 859 ch
598 830 665 859 mihi
679 832 711 859 de
721 833 807 860 sacris
823 833 915 868 figuris
934 834 1005 859 dicta
1027 837 1125 859 sunto:
1145 841 1204 868 qua;
1227 830 1259 859 ab
1276 838 1370 859 exacta
1381 830 1490 868 quidem
1505 841 1596 859 earum
1618 830 1775 868 interpreta-

131 865 200 892 tione
213 866 305 903 procul
320 867 426 898 absunt,
440 867 475 894 ad
491 868 539 895 hoc
557 873 655 899 tamen,
674 873 703 894 ut
718 865 964 903 arbitror,Vjuoant,
982 873 1010 895 ut
1026 876 1057 895 ne
1072 865 1156 894 nimis
1169 867 1269 902 abjecte
1281 865 1403 902 ﬁguratis
1426 869 1586 903 imaginibus
1608 865 1774 896 adlttvresoa-

130 908 199 938 mus.
219 900 298 938 Quod
311 903 334 928 si
346 902 458 936 objicias
473 911 525 930 non
540 904 657 930 omnium
669 900 1003 938 angelicorum'virtutum,
1019 909 1066 930 aut
1092 900 1285 938 operationum,
1302 900 1349 930 aut
1370 900 1515 938 imaginum
1532 904 1624 938 fecisse
1639 913 1684 931 nos
1701 913 1773 932 men—

131 936 225 974 tionem
239 944 248 967 ς
267 937 315 974 tibi
329 938 449 973 equidem
464 946 584 973 prorsus,
600 936 823 973 quemadmodum
845 947 886 966 res
908 939 995 971 habet,
1008 936 1168 974 respondebo
1183 946 1191 964 :
1207 946 1296 973 nempe
1307 940 1364 972 [nos
1389 936 1505 966 scientia:
1524 936 1597 965 illius
1616 948 1773 974 supermun-

129 971 207 1010 dana:
222 971 381 1010 rudesesse,
395 971 472 1010 atque
488 973 541 1001 alio
554 971 641 1010 potius
659 974 694 1000 ad
707 982 738 1002 ea
752 973 928 1010 perdiscenda
951 971 1055 1002 doctore
1069 980 1147 1009 atque
1162 971 1449 1009 interprétciindigere;
1467 980 1527 1010 tum
1544 975 1635 1006 etiam,
1649 971 1702 1002 illa
1714 984 1773 1010 quae

129 1008 202 1038 prius
217 1008 344 1042 expositis
359 1009 459 1035 similia
474 1015 534 1036 sunt
549 1009 717 1044 eamdemque
733 1010 783 1037 vim
797 1009 902 1041 habent,
918 1018 966 1037 nos
981 1014 1072 1045 sponte
1095 1008 1306 1045 prmtermisisse,
1324 1008 1382 1037 tam
1394 1010 1420 1036 in
1434 1009 1545 1037 dicendo
1561 1010 1667 1037 modum
1686 1008 1771 1037 aucu-

128 1048 230 1082 pontes,
243 1051 322 1082 quam
335 1052 376 1082 res
391 1045 551 1082 reconditas,
567 1045 716 1082 etingenio
735 1050 825 1072 nostra
847 1045 1263 1082 majoresrsilentioqvenerarnes.
1292 1044 1449 1082 secundum
1471 1053 1540 1082 yero
1561 1045 1673 1082 librum,
1690 1046 1772 1082 510

129 1078 175 1112 qui
192 1084 234 1106 est
247 1078 286 1105 De
303 1079 401 1106 cadesti
416 1080 574 1111 hierarchia,
592 1078 665 1107 haud
681 1080 771 1107 minus
787 1078 912 1115 specioso
931 1081 1006 1108 exitu
1022 1080 1187 1107 terminavit.
1205 1079 1252 1115 Sic
1269 1081 1342 1107 enim
1361 1081 1431 1107 dixit
1445 1090 1450 1107 :
1466 1080 1535 1111 Ista,
1550 1081 1600 1115 ﬁli,
1616 1086 1670 1107 tam
1685 1078 1772 1108 tanta

128 1118 222 1151 elutam
236 1114 377 1151 pra'clara,
393 1120 416 1142 et
428 1116 578 1149 singularia
594 1115 748 1151 hierarchiw
762 1114 859 1142 nostrte
873 1116 1024 1150 spectacula
1045 1116 1129 1142 videre
1149 1115 1214 1142 milii
1229 1114 1322 1141 datum
1335 1119 1375 1143 est
1388 1123 1397 1142 .'
1410 1116 1470 1142 aliis
1491 1114 1577 1142 autem
1595 1116 1771 1151 perspicacim

128 1148 202 1186 ribus
216 1150 347 1176 mentibus
362 1159 415 1177 non
429 1148 477 1178 hoc
490 1151 578 1183 modo,
595 1150 641 1177 sed
660 1151 740 1178 etiam
755 1151 840 1177 ntulto
859 1148 977 1178 clariora
997 1156 1022 1178 et
1049 1151 1183 1177 diviniora
1199 1150 1268 1184 forte
1289 1156 1425 1185 perspecta
1445 1156 1524 1182 sunt;
1546 1148 1644 1186 tibique
1655 1148 1724 1185 ipsi,
1741 1156 1771 1179 ut

128 1185 232 1221 opinor,
244 1185 404 1221 illustriores
418 1191 496 1221 atque
516 1186 657 1213 diviniores
672 1186 880 1220 pulchritudines
905 1186 939 1213 ad
962 1187 1143 1214 sublimiorem
1166 1185 1272 1212 radiant
1284 1186 1344 1220 jam
1365 1187 1443 1213 dictis
1462 1186 1589 1221 gradibus
1601 1185 1772 1215 contendenti

128 1219 302 1247 collucebunt.
318 1219 406 1253 Quare
418 1219 583 1248 communica
599 1227 627 1248 tu
641 1219 742 1256 quoque
765 1230 875 1253 mecum,
892 1230 907 1248 ο
924 1221 1028 1249 dilecte.
1043 1221 1224 1256 perfectiorem
1249 1219 1342 1253 lucent,
1357 1226 1381 1248 et
1412 1219 1591 1248 rwstantiores
1613 1227 1689 1256 atque
1709 1223 1771 1249 uni-

128 1254 277 1283 formiores.
291 1263 459 1283 quascunque
480 1257 598 1283 contueri
613 1258 711 1283 noteris
732 1257 949 1283 pulchritudines.
971 1257 1054 1283 oculis
1070 1258 1134 1283 meis
1156 1261 1344 1283 contmonstra.
1373 1229 1442 1283 Αἴτνη
1461 1264 1507 1283 uer
1529 1258 1594 1283 Itrec.
1609 1257 1740 1283 quomodo
1754 1266 1771 1283 a

128 1254 277 1292 formiores,
291 1263 459 1292 quascunque
480 1257 598 1284 contueri
613 1254 711 1290 poteris
732 1257 949 1291 pulchritudines,
971 1254 1054 1284 oculis
1070 1254 1134 1283 meis
1156 1261 1344 1292 contmonstra.
1373 1254 1442 1284 Nam
1460 1264 1507 1291 per
1529 1258 1594 1289 Itrec,
1609 1254 1740 1292 quomodo
1754 1266 1772 1285 α

128 1298 170 1327 me
184 1290 255 1317 dicta
270 1296 341 1322 sunt,
357 1290 452 1319 insitas
468 1293 515 1318 tibi
530 1293 598 1327 ignis
613 1293 696 1319 divini
709 1290 840 1319 scintillas
855 1293 1001 1319 excitatum
1017 1293 1050 1319 iri
1065 1292 1179 1326 conﬁdo.
1196 1291 1255 1318 Jatn
1268 1296 1359 1319 autent
1375 1292 1444 1320 libro
1461 1292 1498 1318 De
1511 1293 1606 1318 divinis
1615 1290 1770 1320 nominibus

127 1326 199 1352 hanc
211 1334 273 1353 vere
284 1334 394 1354 auream
407 1326 726 1362 imposuit'coronidem:
746 1327 809 1354 Η(ιέ
825 1336 872 1354 nos
886 1328 976 1354 divina
991 1328 1097 1354 nomina
1112 1329 1138 1354 in
1153 1335 1233 1354 unum
1250 1333 1383 1362 congesta,
1400 1332 1528 1361 quatenus
1550 1328 1655 1362 assequi
1677 1328 1770 1354 datum

125 1365 176 1398 est,
192 1362 375 1396 explicuimus,
394 1371 445 1389 non
459 1362 536 1389 modo
557 1365 671 1397 impares
690 1368 822 1390 accuratw
839 1363 946 1390 illorum
969 1363 1127 1397 expositioni
1143 1362 1224 1397 (quod
1244 1367 1276 1398 ct)
1290 1362 1377 1397 angeli
1402 1370 1434 1398 ea;
1457 1371 1516 1389 tero
1535 1362 1648 1398 dicant),
1671 1372 1716 1390 nec
1737 1364 1770 1391 iis

124 1397 218 1434 etiam,
235 1405 300 1432 quas
316 1398 401 1432 angeli
416 1398 544 1434 tribuunt,
559 1398 685 1425 laudibus
702 1399 839 1433 inferiores
856 1399 925 1432 (cum
938 1403 963 1425 et
975 1399 1114 1433 postremis
1131 1399 1215 1424 nostri
1231 1397 1323 1424 cedant
1339 1397 1462 1432 theologi)
1477 1406 1556 1433 neque
1570 1399 1630 1424 item
1644 1398 1745 1434 tlteolog
1758 1407 1771 1426 s

126 1432 201 1465 ipsis.
217 1435 357 1467 eorumque
371 1432 537 1460 auditoribus
553 1439 577 1460 et
591 1432 796 1461 assectatoribus
816 1434 977 1468 conferendi,
992 1435 1037 1461 sed
1048 1442 1139 1460 eorum
1151 1441 1262 1468 quoque,
1278 1434 1322 1468 qui
1338 1433 1422 1459 nostri
1436 1439 1498 1459 sunt
1514 1432 1628 1463 ordinis,
1644 1432 1771 1467 postremi

125 1472 153 1504 et
163 1467 258 1504 infimi.
278 1468 365 1500 Quare
381 1469 404 1495 si
419 1473 487 1495 recte
500 1469 604 1504 quidem
625 1469 747 1501 habeant,
765 1477 823 1504 qute
839 1478 855 1496 a
866 1467 909 1496 me
924 1469 996 1495 dicta
1011 1475 1083 1500 sunt,
1103 1473 1128 1496 et
1148 1467 1196 1503 pro
1215 1469 1272 1495 loco
1287 1473 1377 1495 nostra
1392 1474 1416 1495 et
1433 1468 1533 1504 ordine,
1546 1470 1769 1503 interpretationis

125 1502 271 1539 divinorum
288 1504 424 1530 nominum
438 1502 594 1531 sententiam
609 1505 721 1532 assecuti
737 1502 840 1536 sumus,
856 1504 883 1531 id
898 1504 1026 1531 bonorum
1041 1502 1157 1531 omnium
1183 1504 1287 1531 auctori
1311 1509 1445 1537 acceptum
1469 1503 1612 1538 referatur,
1626 1505 1670 1539 qui
1683 1505 1769 1538 printo

124 1538 233 1574 quidem
243 1538 358 1570 dicendi,
374 1539 467 1566 deinde
481 1545 505 1567 et
517 1539 578 1566 bene
593 1540 698 1566 dicendi
710 1539 802 1566 tribuit
817 1540 981 1574 facultatem.
996 1539 1073 1573 Quod
1086 1540 1110 1566 si
1126 1547 1216 1566 eorum
1233 1539 1379 1571 nominum,
1394 1547 1452 1574 qua:
1463 1539 1582 1566 eamdem
1595 1538 1646 1566 vim
1662 1539 1767 1571 habent,

125 1573 233 1609 aliquod
248 1575 455 1607 pratermissum
470 1580 520 1602 est.
537 1575 565 1601 id
579 1575 670 1602 cadent
695 1576 737 1602 via
758 1580 783 1602 et
809 1573 911 1602 ratione
934 1574 1146 1603 subaudiendum
1165 1575 1226 1602 erit.
1253 1574 1301 1601 Sin
1326 1573 1413 1601 minus
1429 1580 1497 1601 recte
1520 1583 1637 1600 mmttsve
1656 1575 1769 1609 perfecte

124 1607 180 1634 htec
194 1617 209 1634 a
225 1608 299 1635 nobis
320 1614 436 1636 tractata
449 1615 520 1641 sunt,
537 1615 584 1637 aut
598 1610 622 1637 si
636 1610 715 1637 etiam
729 1619 744 1636 a
760 1611 867 1637 veritate
883 1611 921 1637 vel
934 1611 1041 1638 omnino
1057 1611 1096 1637 rel
1107 1618 1141 1636 ea:
1154 1615 1229 1644 parte
1244 1610 1436 1639 aberravimus,
1454 1615 1506 1636 tua:
1520 1610 1600 1644 fuerit
1615 1607 1768 1637 humanita-

124 1643 160 1670 tis
174 1644 303 1680 corrigere
318 1653 368 1671 non
382 1650 473 1679 sponte
494 1646 669 1680 ignorantem.
696 1650 722 1672 et
746 1645 900 1672 addisceudi
914 1646 1038 1680 cupidum
1062 1646 1186 1672 educere:
1200 1649 1277 1679 atque
1298 1646 1378 1671 etiam
1394 1644 1466 1671 haud
1486 1643 1552 1672 satis
1570 1652 1616 1679 per
1630 1646 1769 1672 se-valenti

122 1687 198 1716 opem
218 1679 289 1716 ferre
302 1685 325 1706 et
341 1685 469 1714 wgrotare
484 1681 582 1707 nolenti
597 1681 754 1707 medicinam
773 1682 875 1714 facere;
895 1686 920 1708 et
935 1681 990 1708 alia
1002 1681 1106 1716 quidem
1119 1690 1135 1706 a
1149 1686 1173 1707 te
1192 1681 1258 1714 ipso,
1276 1680 1332 1706 alia
1353 1688 1412 1706 vero
1449 1679 1480 1706 ab
1496 1681 1557 1716 aliis
1580 1681 1694 1712 iuventa,
1722 1681 1768 1708 sed

123 1714 213 1741 onmia
234 1716 267 1751 ab
282 1715 338 1748 ipso
355 1716 423 1751 bona
436 1721 556 1750 percepta
576 1717 603 1742 in
616 1724 664 1743 nos
680 1716 875 1750 transfundere.
893 1716 985 1751 Neque
1004 1714 1028 1743 te
1047 1717 1133 1750 pigeat
1158 1715 1289 1742 hominem
1304 1716 1418 1742 anticum
1434 1716 1533 1749 afﬁcere
1546 1715 1668 1749 beneﬁcio
1683 1724 1691 1741 :
1708 1724 1768 1742 cum

122 1754 147 1776 et
163 1758 210 1776 nos
224 1749 311 1776 rideas
328 1750 430 1777 nullam
446 1749 520 1777 nobis
535 1752 696 1778 traditarum
711 1749 851 1778 sacrarum
871 1749 1154 1779 institutionum’intra
1175 1759 1221 1777 nos
1242 1751 1412 1782 continuisse,
1430 1753 1474 1776 sed
1500 1759 1544 1778 eas
1564 1755 1647 1777 tecum
1665 1752 1768 1779 cwteris

121 1785 372 1821 sacrisrltontinibus
391 1786 558 1820 incorruptus
574 1787 791 1817 communicasse.
808 1788 847 1813 uti
867 1791 892 1813 et
912 1787 1032 1821 deinceps
1052 1786 1273 1814 communicaturi
1290 1794 1392 1817 sumus,
1409 1791 1487 1819 prout
1502 1786 1608 1821 quidem
1627 1792 1651 1813 et
1671 1795 1718 1813 nos
1733 1788 1768 1813 ad

121 1820 314 1857 dicettdttm,_et
329 1829 406 1855 pares
418 1822 465 1848 alii
477 1822 575 1856 fuerint
587 1822 621 1848 ad
634 1822 794 1849 audiendum
807 1830 816 1848 :
832 1830 877 1849 nec
893 1822 975 1857 iniqui
989 1823 1061 1848 circa
1072 1821 1247 1857 traditionem
1260 1821 1370 1853 erimus,
1383 1821 1435 1857 nisi
1457 1821 1480 1857 si
1502 1821 1540 1848 vel
1564 1821 1598 1847 ad
1619 1822 1768 1857 intelligen-

120 1855 185 1892 dum
200 1856 238 1882 vel
250 1855 285 1882 ad
298 1855 480 1892 eloquendum
486 1858 614 1892 fuerimus
627 1858 770 1885 tardiores.
788 1857 838 1884 Sed
853 1858 908 1884 hac
921 1855 1036 1892 quidem,
1050 1862 1079 1883 ut
1097 1856 1152 1883 Deo
1165 1861 1287 1892 gratum,
1309 1856 1349 1883 ita
1369 1864 1396 1883 se
1420 1855 1546 1892 habeant,
1567 1861 1594 1892 et
1621 1855 1745 1883 dicantur
1757 1865 1767 1884 .-

119 1897 145 1918 ει
157 1891 245 1952 hic'zit
260 1892 407 1919 divinorum
423 1894 560 1920 nominum
573 1901 631 1928 quos
651 1898 735 1920 triente
754 1891 935 1927 percipiuntur
950 1893 1012 1927 finis
1027 1900 1117 1919 :nunc
1129 1892 1163 1918 ad
1183 1891 1355 1927 theologicam
1376 1891 1560 1927 sytttbolicam,
1579 1891 1634 1918 Deo
1645 1892 1765 1925 ducente,

121 1932 208 1952 transi
228 1935 306 1952 imus.

121 1932 306 1954 transibimus.

156 1960 195 1988 Ita
209 1962 307 1988 librum
324 1961 399 1988 illum
416 1961 495 1989 beato
511 1961 564 1989 ﬁne
574 1960 714 1989 concludit
728 1961 885 1996 Dionysius.
898 1961 986 1995 Cujus
999 1960 1131 1990 modestia
1142 1967 1172 1990 et
1181 1962 1266 1990 animi
1279 1960 1430 1990 submissio
1451 1969 1506 1988 non
1532 1970 1564 1988 ex
1587 1962 1630 1989 his
1647 1967 1765 1996 tantum,

120 1997 218 2033 sedes
238 1998 299 2024 aliis
315 1997 505 2033 compluribus
529 1997 607 2028 locis,
634 2004 752 2031 quorum
779 1995 871 2031 aliqua
910 1997 976 2023 alibi
1004 1997 1155 2032 tetigimus,
1174 1998 1303 2033 cognosci
1322 2001 1421 2032 potest.
1441 1995 1637 2033 Verumtamen
1655 2006 1686 2024 ea
1703 2006 1765 2033 qua:

120 2031 296 2066 conjuncta":
316 2032 417 2058 habent
436 2033 522 2067 ipsius
539 2040 603 2067 erga
621 2036 805 2067 praeceptores
823 2040 889 2060 suos
906 2032 1041 2066 insignem
1069 2031 1250 2060 reverentiam
1276 2037 1358 2067 atque
1386 2032 1504 2063 laudem,
1524 2032 1607 2059 tacite
1625 2031 1766 2067 praeterire

118 2067 168 2103 qui
186 2067 317 2102 possum?
335 2067 400 2093 Nam
418 2068 514 2102 optimi
532 2075 598 2095 sane
615 2067 698 2094 animi
715 2071 742 2094 et
759 2068 937 2094 nobilissimae
953 2067 1053 2094 indolis
1077 2068 1185 2103 signum
1212 2074 1252 2095 est
1277 2067 1472 2097 clarissimum,
1492 2072 1521 2094 ut
1539 2068 1675 2103 minorum
1700 2076 1765 2103 erga

119 2102 252 2137 titajores,
271 2103 311 2130 sic
328 2102 526 2137 discipulorum
545 2104 677 2130 adversus
694 2108 875 2137 praeceptores
893 2110 960 2130 suos
980 2103 1068 2129 honor
1083 2102 1113 2129 et
1127 2103 1291 2130 reverentia.
1319 2102 1384 2138 Qua:
1402 2102 1429 2128 in
1447 2102 1691 2138 sanctorllionysio
1709 2107 1763 2130 tam

119 2138 275 2165 illustribus
293 2138 366 2164 notis
382 2140 564 2171 etnteuerunt,
582 2146 663 2173 quam
682 2138 709 2164 in
728 2138 784 2164 ullo
809 2139 863 2165 alio
886 2139 1002 2165 antehac
1031 2139 1158 2166 fortassis
1175 2139 1292 2166 nemine.
1321 2137 1461 2172 Siquidem
1489 2147 1502 2163 ιι
1516 2137 1679 2172 ιιεὶειῑοιτὶιιη
1697 2144 1763 2166 θυω-

118 2181 180 2200 ruttt
199 2173 243 2200 vix
261 2180 392 2208 unquam,
411 2181 443 2200 ac
460 2181 494 2200 ne
510 2174 554 2200 vix
572 2174 680 2208 quidem
699 2174 726 2200 itt
744 2173 856 2208 scriptis
873 2174 941 2205 suis,
969 2173 1023 2200 nisi
1048 2174 1106 2201 suis
1134 2174 1290 2209 gratissima
1307 2173 1390 2209 debiti
1418 2173 1530 2200 honoris
1548 2174 1717 2207 pnel'atione,
1735 2178 1764 2201 et

117 2209 162 2236 sui
182 2217 236 2243 pra:
253 2209 305 2235 illis
322 2216 421 2244 magna
439 2209 622 2236 submissione
638 2214 720 2244 atque
737 2209 915 2243 despicientia
933 2209 1129 2236 commeminit.
1148 2209 1216 2235 Nam
1243 2208 1382 2235 llierothei
1406 2209 1516 2242 quidem
1545 2209 1626 2244 unius
1643 2217 1658 2236 e
1675 2211 1763 2244 magi-

117 2244 185 2271 stris
203 2244 260 2271 suis
279 2243 360 2270 verba
377 2251 392 2270 e
409 2244 570 2278 theologicis
594 2243 823 2276 institutionibus,
842 2245 875 2271 ad
894 2244 1055 2270 ﬁrmandam
1073 2243 1134 2279 ejus
1151 2245 1314 2271 auctoritate
1331 2243 1498 2278 propositam
1516 2251 1531 2269 a
1549 2252 1578 2271 se
1595 2243 1760 2277 doctrinam,

116 2287 174 2306 non
192 2280 251 2306 sine
268 2279 369 2306 eximia
386 2279 508 2312 ejusdem
527 2279 607 2306 laude
624 2287 656 2306 ac
673 2281 851 2306 veneratione
873 2280 1020 2314 aliquoties
1042 2281 1145 2314 profert
1170 2280 1198 2306 in
1224 2279 1357 2306 medium.
1375 2279 1444 2305 Cum
1471 2279 1543 2305 enint
1570 2279 1762 2306 admirandam

117 2314 226 2342 Domini
244 2314 309 2341 Jesu
327 2314 354 2340 in
373 2319 452 2341 utero
469 2314 592 2350 virgineo
608 2315 824 2342 ell'ormattonem
842 2323 892 2342 nec
903 2322 1036 2350 sermone
1054 2315 1109 2341 ullo
1125 2314 1253 2349 exprimi,
1272 2322 1322 2341 nce
1341 2314 1395 2350 ulla
1413 2319 1504 2341 mente
1520 2315 1640 2349 concipi.
1660 2322 1694 2342 tte
1711 2323 1761 2342 an-

115 2350 205 2385 gelica
222 2350 376 2385 quidemet
393 2350 546 2384 seraphica,
565 2350 716 2382 docuisset,
735 2355 792 2377 tum
810 2351 843 2377 de
860 2349 954 2377 eadetn
971 2350 1074 2377 Christi
1091 2350 1211 2377 humaria
1238 2349 1414 2384 generatione
1438 2353 1519 2384 atque
1543 2349 1684 2377 miraculis
1701 2349 1761 2377 haec

115 2384 183 2425 eum
198 2385 320 2425 titagistri
339 2384 441 2411 honore
459 2385 576 2419 subjecit
589 2395 596 2412 :
610 2385 793 2425 ﬂow-autem,
805 2386 951 2425 _inqu_it,.et
966 2385 1032 2425 alibi
1046 2394 1062 2412 a
1076 2385 1151 2425 nobis
1164 2385 1345 2425 compluribus
1354 2385 1383 2425 in
1401 2385 1466 2425 locis
1479 2384 1759 2425 Idemoitstrataflunt,

113 2425 140 2446 et
156 2420 189 2446 ab
203 2420 301 2454 inclyta
324 2424 482 2454 prmceptore
501 2421 632 2448 nostrain
647 2421 702 2447 suis
726 2419 899 2455 Theologicis
917 2421 1136 2449 institutionibus
1159 2428 1282 2455 perquant
1303 2420 1397 2446 eximio
1420 2419 1552 2446 celebrata
1573 2427 1583 2445 :
1601 2420 1653 2446 sive
1671 2420 1719 2447 illa
1742 2430 1760 2447 a

113 2455 202 2482 sacris
218 2455 344 2490 theologis
360 2456 497 2489 acceperit,
512 2456 565 2482 sive
578 2464 611 2482 ea:
631 2461 758 2482 accurata
781 2456 979 2490 Scripturarum
1003 2457 1209 2489 perscrutatione
1234 2456 1318 2482 multa
1341 2456 1368 2481 in
1387 2455 1425 2482 eis
1450 2455 1637 2482 exercitatione
1659 2463 1759 2490 usuque

112 2490 243 2517 diuturno
256 2492 425 2525 perspea‘erit,
444 2492 495 2517 sive
509 2499 542 2517 ex
557 2492 646 2525 aliqua
662 2492 696 2517 dit
706 2492 789 2518 iniore
805 2492 976 2525 inspiratione
990 2491 1098 2518 edoctus
1113 2491 1204 2526 fuerit,
1221 2499 1273 2518 non
1288 2490 1376 2517 studio
1388 2491 1485 2522 solum,
1501 2490 1546 2517 sed
1561 2491 1640 2517 etiam
1655 2492 1758 2525 experi-

113 2530 203 2552 mento
217 2527 306 2553 divina
324 2531 470 2556 assecutus,
493 2531 570 2561 atque
593 2535 625 2553 ex
648 2527 764 2562 quadam
783 2532 887 2553 natura:
910 2527 1088 2553 convenientia
1114 2531 1191 2562 atque
1212 2527 1391 2556 consensione,
1407 2527 1430 2552 si
1443 2528 1480 2552 ita
1505 2527 1574 2560 loqui
1595 2526 1637 2560 fas
1652 2526 1757 2562 est,rad

113 2562 267 2596 mysticam.
279 2567 303 2588 ct
317 2570 375 2596 quo:
390 2571 441 2588 non
455 2561 574 2594 docetur,
589 2563 634 2589 sed
648 2561 801 2596 suspicitur,
815 2562 1023 2596 conjunctioncm
1043 2566 1120 2596 atque
1135 2562 1214 2596 [idem
1229 2562 1342 2596 perfecte
1356 2566 1503 2595 provectus.
1516 2561 1600 2596 Atque
1614 2566 1642 2587 ut
1658 2561 1755 2588 multas

112 2601 140 2623 et
151 2597 241 2624 beatas
253 2598 358 2631 optimm
369 2597 442 2624 illius
455 2597 547 2624 mentis
559 2598 748 2632 speculationes
757 2598 784 2624 in
793 2597 960 2632 paucissimis
970 2597 1117 2628 ostendam,
1129 2596 1184 2623 hwc
1194 2596 1226 2623 de
1235 2597 1299 2623 Iesu
1310 2597 1335 2632 in
1345 2596 1462 2623 collectis
1472 2605 1488 2623 a
1500 2604 1527 2623 se
1542 2597 1754 2623 institutionibus

112 2632 153 2668 ait
163 2640 172 2658 :
185 2632 310 2659 Omnium
321 2641 402 2659 causa
421 2637 460 2660 est
477 2637 502 2659 et
512 2631 727 2667 complementum
737 2633 802 2660 Jesu
814 2633 950 2664 divinitas,
961 2637 1013 2659 etc.
1024 2632 1063 2658 lta
1076 2632 1221 2668 Dionysius
1233 2633 1302 2659 libro
1314 2631 1350 2658 De
1360 2632 1456 2658 divinis
1468 2631 1628 2668 nominibus.
1647 2639 1708 2665 cap.
1724 2631 1752 2658 2.

111 2666 175 2694 Jam
192 2671 282 2694 autem
301 2668 425 2702 ejusdem
439 2668 503 2695 libri
516 2666 577 2703 cap.
589 2669 617 2700 ὅ,
629 2669 674 2695 ubi
686 2668 720 2695 de
730 2669 909 2695 celeberrimo
920 2668 965 2694 illo
975 2666 1161 2702 apostolorum
1173 2668 1344 2702 aliorumque
1354 2668 1516 2702 pontiﬁcum
1525 2667 1596 2703 apud
1609 2667 1755 2703 sanctissi-

113 2711 188 2739 r_1_tatn
207 2701 349 2739 l)eipar;int
361 2709 496 2730 conventu
509 2701 574 2738 agit,
587 2712 667 2739 quant
679 2704 804 2730 eumdem
824 2701 1074 2739 magistrumsuum
1091 2703 1212 2730 extollit!
1226 2701 1312 2739 quam
1323 2701 1363 2739 se,
1376 2703 1520 2739 deprimit!
1540 2702 1606 2736 Ejus
1623 2701 1704 2728 verba
1721 2701 1752 2729 S.

113 2737 289 2766 Timotheum
303 2738 401 2773 Ep..esi
413 2737 570 2774 episcopum
582 2737 747 2773 alloquentis
758 2739 814 2765 inut:
824 2737 888 2766 sunt
899 2749 906 2766 :
919 2738 993 2772 Apud
1011 2739 1093 2770 ipsos,
1105 2739 1205 2773 inquit,
1219 2738 1272 2766 Deo
1289 2738 1391 2773 amatos
1409 2738 1545 2774 pontiﬁces
1564 2742 1679 2767 nostros,
1691 2745 1750 2774 cum

112 2777 215 2810 etuas,
227 2780 254 2800 ut
264 2776 345 2806 nosti,
358 2779 382 2800 et
404 2773 449 2801 ille
461 2773 637 2810 (tlterotheus
647 2775 762 2807 setlicet)
772 2782 803 2800 ac
811 2774 928 2809 plerique
941 2782 954 2800 e
964 2774 1061 2800 nostris
1073 2775 1173 2800 sanctis
1193 2773 1319 2808 fratribus
1331 2774 1364 2800 ad
1375 2773 1621 2810 contemplationem
1632 2773 1752 2810 corporis

112 2808 201 2846 illius,
217 2809 285 2846 quod
301 2810 359 2836 vitta
376 2806 533 2844 principium
544 2811 656 2845 exstitit,
676 2806 956 2846 υειιιιιτιιιίίιςιιδεὲμὶι.Δ
972 2810 1179 2836 convenissemus
1193 2806 1299 2843 ’(aderat
1316 2814 1404 2836 autem
1423 2813 1447 2835 et
1461 2806 1579 2846 Iacobus
1593 2807 1678 2846 frater
1695 2806 1750 2832 Du-

112 2845 191 2875 mi‘ni,
204 2851 228 2871 et
245 2845 339 2872 Petrus
354 2853 503 2879 supremum
516 2854 546 2871 ac
560 2847 673 2873 maxime
694 2845 868 2872 venerandum
888 2844 1066 2878 theologorum
1090 2845 1219 2879 columen)
1235 2852 1343 2879 cumque
1359 2853 1388 2870 eo
1404 2847 1538 2879 conspecto
1553 2844 1705 2879 placuisset,
1721 2847 1750 2868 ut

111 2881 323 2910 poteritissimam
339 2876 434 2908 divino:
449 2882 637 2908 intlccillitatis
661 2881 804 2908 bonitatem
824 2881 959 2915 pontifices
974 2876 1063 2906 omnes
1087 2888 1134 2914 pro
1159 2876 1215 2906 suo'
1230 2876 1337 2914 quisque
1359 2879 1460 2915 ingenio
1485 2876 1749 2915 collaudarent,_tum

111 2916 169 2947 ille,
185 2921 213 2943 ut
233 2917 284 2943 scis
300 2916 485 2952 (llicrotltcus)
507 2917 568 2944 aliis
589 2917 708 2944 omnibus
723 2913 860 2944 sacrorum
877 2913 1011 2950 magistris
1032 2915 1172 2942 secundum
1188 2913 1319 2949 apo-lotos
1339 2914 1514 2949 pra'ccllcbat,
1527 2915 1596 2939 totus
1610 2913 1750 2946 excedens,
