1929 3092
185 141 237 169 830
799 139 827 166 S.
847 140 946 170 DIONY

1064 140 1242 171 ΞΟΡΑΕῘΤᾹΞ
1774 144 1791 172 8
1796 143 1825 172 ll)

186 207 301 240 totusse
314 204 445 240 (leget-ens,
461 209 538 239 atque
553 204 617 230 adeo
630 204 770 237 qtmmdam
786 214 886 238 eorum,
901 213 960 240 qua:
974 204 1190 240 prazdicalrantur
1204 203 1413 231 communionem
1436 205 1463 231 in
1481 212 1507 231 se
1529 205 1675 239 experiens,
1694 204 1727 231 ab
1743 204 1823 240 511

185 238 306 275 omnibus
319 239 363 275 qui
379 238 500 275 videbant
514 247 538 266 et
553 239 706 270 audiebant,
722 241 766 274 qui
789 238 930 268 noscebant
947 238 986 268 vel
1001 240 1170 275 ignorabant.
1189 248 1264 267 sacro
1290 240 1395 266 numine
1418 238 1602 275 correptusiret
1617 238 1826 266 laudatorum:

184 282 233 310 nus
249 273 432 310 judicabatur.
449 274 500 302 Sed
515 275 577 309 quid
590 283 635 310 ego
651 275 698 301 tibi
708 283 739 301 ea
752 284 810 310 quat
825 276 857 302 de
873 276 970 303 divinis
984 273 1061 302 rebus
1082 275 1118 302 ibi
1139 275 1212 302 dicta
1229 279 1301 305 sunt.
1317 276 1538 302 commemorem?
1554 274 1616 302 Nisi
1630 277 1699 302 enim
1720 276 1825 301 meimet

184 309 266 345 ipsius
284 309 361 345 plane
378 310 475 336 oblitus
499 318 567 340 sum,
586 311 640 336 scio
666 319 705 336 me
726 309 826 345 quoque
849 311 896 338 abs
921 316 945 338 te
969 312 1079 338 istorum
1097 310 1245 337 divinorum
1268 310 1424 344 hymnorum
1440 315 1528 344 partes
1553 310 1658 344 aliquas
1680 311 1823 338 audiuisse.

183 344 255 370 Adeo
272 344 317 370 tibi
333 345 406 381 cordi
423 350 463 371 est
479 344 568 371 divina
583 344 654 370 haud
669 345 758 371 leviter
772 344 902 381 persequi.
925 347 1019 373 Verum
1038 351 1067 372 ut
1086 346 1198 380 mystica
1210 345 1268 373 illa.
1285 350 1309 371 et
1326 345 1395 371 sicut
1411 346 1437 371 in
1453 347 1544 380 vulgus
1569 353 1619 372 non
1638 346 1781 379 efferenda.
1800 350 1824 371 et

184 383 310 416 tanquam
330 380 377 406 tibi
389 385 522 416 perspecta
539 381 782 414 prtt’termittamus,
803 380 1006 416 quotiescunque
1019 387 1111 408 nostra
1130 389 1188 407 cum
1202 381 1293 407 multis
1310 381 1514 412 communicare,
1526 386 1550 407 et
1565 383 1773 415 quamplurimas
1790 381 1825 407 ad

183 414 331 451 doctrinam
350 423 454 442 sacrant
470 415 566 441 adduci
584 416 710 448 oportuit,
726 416 771 442 ille
791 414 921 451 plerisque
944 414 1043 443 sanctis
1059 415 1221 447 doctoribus,
1237 420 1261 442 et
1281 423 1331 442 usu
1347 416 1481 449 temporis,
1503 420 1527 442 et
1549 414 1644 442 mentis
1659 417 1784 450 puritate,
1800 422 1825 443 et

183 449 438 486 demonstrationunt
463 451 628 480 eertitudine.
653 457 677 477 et
699 449 800 478 caeteris
821 449 920 478 sattcttv
937 452 1091 486 eloquentiae
1108 451 1281 485 facultatibus
1304 451 1375 477 haud
1394 459 1474 484 paruo
1496 451 1635 477 interuallo
1660 452 1822 478 antestobit:

182 485 221 511 ita
240 492 268 511 ut
285 489 478 522 adversusrtant
500 494 622 520 magnum
638 486 719 512 solent
735 492 838 514 nostros
854 487 932 522 figere
947 485 1053 514 obtutus
1076 487 1136 513 ausi
1156 494 1291 521 nunquant
1307 486 1444 520 fuerimus.
1463 486 1508 513 Ita
1530 487 1599 512 enim
1625 486 1700 513 nobis
1725 488 1825 513 conscii

182 527 283 557 sumus.
301 522 338 546 ita
352 521 478 547 sentimus
492 529 542 547 non
558 529 634 555 posse
649 530 707 552 nos.
723 530 768 548 nec
784 521 883 554 divina,
899 531 957 557 qum
971 528 1055 549 mente
1070 522 1237 555 percipienda
1261 526 1333 554 sunt,
1354 522 1420 557 satis
1442 521 1598 556 intelligere,
1616 530 1661 548 nec
1674 530 1731 557 qua:
1747 529 1826 555 super

182 555 233 592 Dei
248 556 394 590 cognitione
409 557 580 592 exprimenda
593 557 744 592 sunt.digne
759 557 837 591 effari
850 565 858 583 :
875 555 919 584 sed
931 566 990 584 cum
1005 558 1099 592 procul
1111 557 1144 583 ab
1157 565 1186 584 eo
1203 557 1331 587 absimus,
1350 556 1378 582 id
1392 557 1471 583 etiam
1487 555 1597 588 accedit,
1615 555 1684 590 quod
1705 558 1757 583 ista
1782 557 1826 583 di-

182 591 302 617 vinorum
321 591 435 617 virorum
450 591 483 617 ad
495 592 630 618 ueritatem
648 592 819 626 theologicam
834 599 966 626 spectante
986 594 1097 620 scientia
1113 592 1260 626 deﬁciatur,
1276 597 1354 627 atque
1368 600 1397 618 eo
1413 600 1522 626 prorsus
1541 600 1574 619 ea:
1598 600 1692 626 magno
1709 597 1779 619 metu
1800 597 1826 619 et

183 627 325 662 reverentia
340 626 499 658 deuenimus,
515 631 544 653 ut
562 627 628 653 nihil
643 628 748 654 ontnino
769 627 801 654 de
822 636 900 654 sacra
916 629 1080 662 philosophia
1102 636 1147 654 nec
1171 627 1333 659 audiremus,
1355 627 1408 653 nisi
1432 627 1570 654 insedisset
1589 627 1687 660 animo,
1703 635 1754 653 non
1768 636 1826 654 esse

182 661 329 698 diuitiarum
344 671 432 688 rerum
447 662 705 697 quantulumcunque
719 663 893 697 cognitionem
908 661 1099 698 negligendam.
1113 663 1189 696 Quod
1205 663 1309 697 quidem
1334 662 1408 689 nobis
1429 662 1589 697 persuadens
1609 671 1660 689 non
1677 662 1754 689 modo
1775 670 1826 689 na-

183 697 282 733 turales
296 698 422 724 mentium
439 698 608 732 appetitioues
625 707 684 733 qute
704 703 816 729 tantum,
835 697 962 733 quantum
976 697 1068 733 capere
1085 703 1205 732 possunt,
1222 706 1310 724 rerum
1331 698 1482 724 sublimium
1504 698 1750 732 contemplationem
1766 703 1826 724 stu-

181 732 254 759 diose
265 741 364 766 semper
377 733 512 767 affectant,
528 734 573 760 sed
589 732 647 768 ipsa
667 742 767 768 quoque
793 732 942 760 divinarum
968 732 1053 768 legum
1076 734 1175 768 optima
1198 734 1341 765 institutio,
1354 741 1412 768 quae
1423 741 1455 760 ea
1468 732 1583 768 quidem.
1599 741 1658 768 qua'
1679 741 1760 767 supra
1776 741 1824 759 nos

182 773 253 799 sunt,
267 773 391 803 tanquam
407 769 529 794 meritum
544 774 569 795 et
588 774 694 802 captum
707 769 871 799 excedentia.
887 774 955 796 vetat
979 770 1110 796 curiosius
1126 769 1301 802 investigare;
1316 771 1405 794 omnia
1419 777 1478 795 vero
1491 776 1549 803 qua:
1562 769 1691 803 permissa
1713 773 1737 795 et
1760 776 1826 795 con-

181 809 253 839 cessa
269 809 339 836 sunt,
352 803 427 838 jubet
447 809 545 830 attente
560 804 708 831 condiscere
722 809 746 830 et
763 804 868 839 benigne
888 813 948 830 cum
969 805 1030 831 aliis
1045 804 1250 831 communicare.
1268 803 1319 830 His
1334 804 1416 838 igitur
1435 808 1459 830 et
1481 811 1531 839 nos
1553 803 1665 835 inducti,
1686 809 1764 838 atque
1789 803 1824 830 ad

182 837 340 870 divinorum,
354 837 482 874 quatenus
495 840 598 874 assequi
610 840 669 866 licet
685 837 870 870 inventionem,
886 847 932 866 nec
948 840 1033 866 labori
1048 844 1195 874 parcentes.
1212 847 1258 865 nec
1272 837 1375 865 inertia:
1390 838 1568 874 concedentes,
1589 840 1642 866 into
1657 847 1702 865 nec
1718 837 1762 866 eos
1778 839 1825 873 qui

181 875 279 910 nostris
295 873 392 901 altiora
405 873 578 909 contmnplari
595 883 646 901 non
664 875 760 905 valent.
775 876 871 910 absque
890 875 1008 901 subsidio
1024 875 1169 909 relinquere
1189 875 1360 905 sustinentes,
1376 875 1495 910 animum
1509 873 1543 900 ad
1558 874 1724 910 scribendum
1739 881 1825 908 appu-

182 908 281 940 litnus;
303 910 368 936 nihil
383 910 487 944 quidem
501 908 559 936 novi
575 910 698 936 inducere
710 911 780 942 ausi,
796 908 841 936 sed
858 910 1041 937 minutioribus
1067 908 1209 940 duntaxat,
1225 914 1248 936 et
1267 909 1473 943 particularibus
1489 909 1645 944 quibusdam
1668 909 1824 936 instructio-

181 943 268 980 nibus,
285 953 316 971 ea
327 943 581 980 quw'cotupendiose
592 954 608 971 a
623 950 713 972 nostro
728 953 784 972 rere
802 945 943 972 Hierotheo
961 945 1033 972 dicta
1045 949 1117 976 sunt,
1134 945 1286 971 distincturi
1306 949 1383 978 atque
1396 944 1576 978 explanaturi.
1589 944 1728 972 Hactenus
1739 945 1824 971 verba

181 977 303 1040 ginnysii
322 977 356 1008 de
371 988 400 1007 se
418 977 472 1007 tam
491 982 611 1008 tenuiter
630 985 712 1015 atque
740 981 888 1013 submisse,
907 988 988 1015 quam
1006 980 1039 1008 de
1056 985 1225 1015 praceptore
1250 977 1398 1007 Hierotheo
1429 977 1588 1007 reverenter
1612 987 1645 1006 ac
1673 980 1826 1007 honoriﬁce

202 1019 264 1040 tcta.

202 1019 264 1041 ICUI.

217 1049 255 1086 De
269 1057 324 1086 quo
341 1058 438 1077 rursus
455 1050 543 1086 capite
559 1051 576 1077 4
594 1050 716 1085 ejusdem
735 1051 796 1078 libri
815 1051 855 1078 sic
872 1050 910 1077 ait
937 1060 943 1077 :
971 1050 1035 1077 Hcce
1055 1051 1134 1077 etiam
1158 1050 1304 1085 pra’clarus
1328 1049 1374 1077 ille
1394 1054 1484 1086 noster
1509 1058 1646 1077 sacrorum
1670 1050 1824 1077 moderator

181 1083 367 1120 (Hicrothcus)
382 1087 409 1112 in
423 1083 528 1121 hymnis
544 1083 672 1113 amatoris
687 1086 774 1113 divine
788 1086 919 1121 estposuit.
937 1086 1055 1118 Quorum
1070 1086 1112 1112 hic
1128 1083 1287 1117 meminisse,
1304 1090 1328 1112 et
1342 1089 1432 1112 nostro
1448 1085 1486 1112 De
1502 1093 1595 1113 amore
1612 1087 1738 1113 tractatui
1753 1086 1824 1112 velut

180 1128 286 1156 sacrum
304 1121 436 1156 quoddam
460 1126 537 1155 caput
560 1122 707 1152 adnectere,
723 1122 794 1148 haud
823 1122 873 1148 erit
897 1121 1023 1148 alienum.
1051 1121 1178 1148 Aduectit
1205 1121 1304 1148 deinde
1327 1121 1393 1147 illud
1417 1124 1510 1155 caput.
1528 1121 1600 1156 quod
1627 1121 1660 1148 ad
1678 1122 1826 1156 ipsiusmet

181 1155 320 1182 liierothei
340 1155 428 1183 Vitam
445 1157 550 1184 ditl'ero.
569 1157 644 1184 Adeo
667 1157 709 1183 vir
725 1158 771 1184 ille
794 1162 906 1184 sanctus
930 1161 1063 1191 quantum
1087 1157 1302 1191 praceptorihus
1327 1161 1354 1183 et
1383 1163 1473 1183 rerum
1501 1156 1656 1183 divinarum
1682 1157 1826 1191 magistris

181 1191 328 1227 deberetur
345 1191 457 1219 honoris
474 1197 501 1219 et
517 1192 710 1223 observantius,
733 1200 788 1219 non
804 1192 973 1226 intelligebat
990 1192 1082 1223 modo,
1106 1192 1153 1218 sed
1175 1193 1258 1219 etiam
1275 1192 1379 1226 absque
1396 1192 1469 1218 omni
1488 1192 1589 1219 invidia
1607 1200 1663 1227 prte
1677 1199 1707 1219 se
1722 1192 1826 1226 gratisa,

181 1226 252 1252 simo
269 1227 360 1253 animo
378 1227 493 1258 terebat,
519 1228 690 1262 posterisque
707 1228 844 1255 tradebat.
862 1227 934 1260 Quin
959 1227 1041 1254 etiam
1061 1235 1148 1259 neque
1164 1227 1301 1256 eamdem.
1320 1234 1403 1261 quant
1431 1234 1498 1254 suus
1525 1226 1622 1254 doctor
1645 1227 1823 1257 Hierothcus,

182 1263 325 1297 materiam
343 1266 406 1289 ante
431 1270 517 1289 ausus
534 1267 574 1290 est
592 1268 770 1296 pertractare,
789 1270 870 1297 quam
895 1263 998 1289 clarum
1026 1262 1146 1294 fecisset,
1164 1262 1190 1289 id
1209 1270 1239 1289 se
1264 1263 1336 1289 bona
1360 1262 1419 1296 ejus
1441 1263 1533 1294 venia,
1558 1263 1613 1289 imo
1632 1270 1714 1289 suasu
1740 1267 1826 1297 atque

179 1296 260 1329 jussu
279 1298 368 1324 facere
384 1307 389 1323 :
406 1305 457 1324 nec
474 1303 528 1324 tam
547 1306 607 1332 qua:
625 1298 670 1324 ille
687 1299 772 1324 ardua
791 1296 872 1332 atque
889 1297 1009 1324 (liﬂicilia
1028 1298 1236 1332 perscripsisset
1260 1298 1412 1331 majoribus
1429 1298 1528 1324 animis
1545 1301 1571 1324 et
1588 1299 1715 1332 perlectis
1733 1296 1827 1324 scrisi-

182 1332 234 1358 bus
251 1332 438 1359 actrommoda:
457 1341 538 1367 quam
557 1341 617 1367 quae
635 1333 704 1360 idem
722 1337 853 1368 tanquam
871 1333 977 1359 minora
994 1334 1134 1360 omisisset
1151 1333 1185 1359 ab
1201 1332 1264 1368 aliis
1287 1333 1459 1368 explicanda,
1477 1337 1504 1359 et
1521 1332 1688 1360 tardioribus
1705 1333 1826 1368 ingeniis

180 1368 352 1400 exponenda,
381 1375 441 1395 sese
458 1368 547 1394 alieno
565 1372 661 1402 rogatu
692 1367 804 1403 scriptis
827 1368 958 1395 mandare
980 1370 1123 1403 prol'ossus
1139 1372 1223 1395 esset.
1243 1367 1271 1394 ln
1289 1367 1389 1403 quibus
1407 1372 1461 1394 tam
1478 1373 1591 1403 propter
1606 1370 1760 1403 exemplum
1776 1369 1824 1403 ju-

180 1403 312 1439 ventutis.
330 1410 391 1437 qute
407 1403 470 1429 olitn
489 1411 554 1430 suos
572 1404 719 1437 magistros
733 1405 775 1431 bis
787 1407 872 1431 tracta
890 1404 1012 1438 vestigiis
1024 1404 1210 1435 venerabitur,
1224 1411 1305 1437 quam
1323 1404 1386 1438 quia
1402 1405 1488 1430 sancti
1507 1403 1626 1439 Dionysii
1646 1404 1825 1438 perillustris,

180 1441 208 1464 et
224 1437 351 1465 omnibus
367 1439 521 1465 iemulamla
539 1439 717 1473 scriptoribus
734 1444 788 1466 tam
805 1446 855 1466 sua
872 1439 1057 1472 extenuantis,
1076 1447 1156 1473 quam
1179 1439 1267 1465 aliena
1289 1437 1445 1466 extullentis
1460 1439 1549 1465 elucet
1574 1437 1706 1466 modestia
1724 1439 1828 1465 animi—

181 1480 234 1509 que
261 1473 419 1506 submissio,
448 1482 501 1500 non
528 1474 629 1509 pigebit
646 1475 843 1508 aliquantisper
868 1474 895 1500 in
920 1475 1096 1501 monstranda
1122 1479 1204 1500 tantae
1220 1474 1329 1500 virtutis
1355 1473 1559 1508 pulchritudine
1586 1474 1736 1501 inunorari.
1762 1473 1828 1502 Hart-

182 1507 266 1542 igitur
283 1515 347 1535 sunt
364 1510 454 1543 magni
472 1507 642 1544 Areopagitae
659 1507 741 1536 verba
761 1522 766 1536 ;
786 1507 837 1536 Sed
850 1509 946 1544 aliquis
961 1510 1074 1544 requiret
1090 1510 1203 1544 fortasse
1217 1509 1279 1544 quiti
1302 1510 1337 1535 sit
1355 1507 1529 1544 quamobrem
1546 1514 1682 1544 postquam
1699 1517 1829 1536 veneran-

181 1545 229 1569 dus
243 1549 388 1577 pra’ccptor
400 1550 488 1571 noster
506 1544 661 1571 llicrotlteus
686 1544 865 1576 Theologicas
878 1545 1064 1572 institutiones
1077 1545 1278 1578 perexcellenter
1299 1545 1442 1579 collegerit,
1457 1553 1504 1571 nos
1517 1544 1587 1579 jam,
1600 1545 1676 1579 quasi
1697 1545 1753 1571 illa’
1775 1545 1832 1571 mi-

180 1586 230 1604 nus
257 1580 411 1613 sufficerent,
437 1588 516 1606 novas
545 1581 613 1606 alias
637 1584 661 1606 et
687 1581 834 1614 prtesertim
856 1580 923 1606 hanc
952 1580 1107 1615 theologiam
1130 1580 1374 1614 conscripserimus.
1394 1580 1474 1612 Atqui
1494 1581 1517 1606 si
1539 1580 1585 1607 ille
1609 1581 1713 1614 quidem
1736 1582 1829 1606 omnia

180 1621 239 1645 quia
263 1618 297 1640 ad
325 1615 481 1650 theologiam
515 1616 656 1649 pertinent.
675 1623 707 1642 ea:
731 1616 822 1642 ordine
849 1616 1021 1641 commentari
1046 1616 1180 1648 voluisset,
1197 1623 1228 1641 ac
1251 1615 1331 1641 totius
1356 1615 1640 1650 theologiaz'summam
1665 1615 1830 1642 brevissimis

181 1650 400 1682 explicationibus
424 1651 553 1685 persequi,
575 1659 605 1677 eo
628 1651 741 1677 vesanice
760 1655 807 1677 aut
833 1650 989 1677 temeritatis
1015 1659 1150 1686 nunquam
1172 1651 1394 1685 prorupissemus,
1411 1655 1440 1676 u‘t
1456 1659 1502 1677 nos
1518 1651 1565 1677 illo
1578 1651 1774 1677 arbitraremur
1789 1651 1829 1678 rel

179 1685 356 1718 perspicacius
373 1694 413 1713 res
426 1686 582 1720 theologicas
597 1694 652 1712 esse
667 1691 836 1713 assecuturos
850 1686 888 1712 vel
903 1686 1035 1717 divinius;
1059 1688 1139 1721 neque
1163 1687 1224 1713 item
1243 1687 1360 1712 animum
1381 1685 1577 1713 indumissemus
1589 1686 1616 1712 in
1632 1686 1725 1712 iisdem
1737 1685 1831 1712 labore

181 1727 374 1753 supervacaneo
389 1721 532 1755 repetendis
548 1729 654 1755 cperant
678 1727 798 1748 nostram
822 1721 931 1751 ludere;
954 1721 1016 1755 quid
1030 1721 1116 1747 dicant
1132 1726 1156 1747 et
1168 1726 1353 1756 praeceptorem
1375 1725 1399 1748 et
1423 1721 1536 1747 amicum
1554 1729 1586 1747 ea:
1605 1721 1681 1755 cujus
1696 1722 1831 1756 pra’cipue

181 1756 345 1783 sermonibus
362 1757 505 1782 secundum
530 1756 647 1783 divinum
673 1756 789 1783 Paulum
814 1757 930 1782 instituti
948 1764 1051 1787 sumus,
1067 1756 1168 1790 injuria
1193 1757 1304 1791 afficere,
1327 1761 1351 1783 et
1371 1757 1622 1791 prwstantissimam
1636 1757 1693 1790 ejus
1709 1762 1830 1783 contem-

181 1791 272 1823 plandi
289 1792 425 1818 scientiam
446 1797 470 1818 et
500 1792 686 1825 eJ‘positiouem
703 1792 854 1826 stt/furari?
877 1791 927 1818 Sed
943 1799 1001 1817 cum
1018 1792 1041 1817 is
1060 1791 1150 1818 divina
1168 1792 1283 1826 graviter
1307 1791 1463 1825 explanatis,
1484 1791 1682 1826 compendiosas
1706 1791 1783 1818 nobis
1805 1796 1831 1818 et

182 1827 267 1851 multa
287 1826 396 1853 breviter
411 1826 610 1860 complectentes
625 1827 790 1861 deﬁnitiones
805 1826 966 1860 exposuerit,
982 1827 1112 1862 simulque
1127 1828 1301 1857 mandaverit.
1318 1832 1345 1853 ut
1366 1831 1390 1854 et
1412 1835 1459 1853 nos
1473 1835 1520 1860 pro
1539 1827 1620 1859 uirili,
1633 1832 1657 1853 et
1679 1828 1830 1888 quicunque

182 1862 266 1887 nostri
281 1861 380 1888 similes
396 1862 533 1888 radiorum
546 1867 607 1888 sunt
623 1863 774 1888 animarum
799 1862 929 1888 magistri.
947 1867 1008 1888 aoto
1024 1870 1143 1888 sermone
1167 1863 1254 1888 breues
1270 1862 1332 1888 illas
1347 1868 1371 1888 et
1388 1863 1536 1888 sinaulares
1552 1863 1646 1888 utentis
1670 1864 1678 1888 i
1692 1862 1745 1888 lius
1765 1870 1829 1888 ver-

181 1862 266 1897 nostri
281 1861 380 1888 similes
396 1862 533 1888 radiorum
546 1867 607 1888 sunt
623 1863 774 1888 animarum
799 1862 929 1896 magistri,
947 1867 1008 1892 apto
1024 1870 1143 1888 sermone
1167 1863 1254 1889 breves
1270 1862 1332 1888 illas
1347 1868 1371 1889 et
1388 1863 1536 1896 singulares
1552 1863 1646 1889 mentis
1670 1861 1745 1889 illius
1765 1870 1829 1897 per-

180 1896 369 1930 spicacissitna:
381 1898 524 1924 sententias
541 1897 743 1931 explicaremus,
763 1902 839 1932 tuque
854 1904 907 1929 ipse
923 1905 981 1927 nos.
996 1906 1011 1923 0
1027 1897 1171 1927 Timet/tce.
1192 1898 1225 1924 ad
1247 1897 1315 1923 idem
1329 1898 1510 1931 prtrstuudum
1532 1905 1710 1931 swpenumero
1727 1902 1830 1924 exhor-

181 1936 254 1958 tatus
272 1933 319 1963 sis.
337 1937 362 1958 et
377 1932 451 1958 nobis
466 1933 522 1966 ejus
537 1931 635 1958 librum
649 1937 773 1967 tanquam
789 1932 970 1958 sublimiorem
985 1932 1118 1959 remiseris
1131 1941 1139 1960 .'
1156 1933 1215 1959 ltinc
1230 1938 1255 1959 et
1271 1941 1316 1959 nos
1334 1933 1409 1959 illum
1426 1938 1454 1958 ut
1469 1933 1644 1967 perfectorum
1658 1939 1736 1967 atque
1751 1941 1830 1959 exer-

181 1968 325 1993 citatorum
339 1968 502 2002 ingeniorum
520 1968 674 2001 magistrum
688 1968 721 1993 iis
738 1968 782 2002 qui
797 1975 878 2001 supra
893 1968 985 2002 vulgus
1002 1968 1119 2002 sapiunt,
1135 1969 1294 1995 secernimus
1310 1967 1416 2002 ejusque
1430 1970 1527 2002 scripta
1543 1968 1610 1995 velut
1626 1969 1711 1994 altera
1727 1969 1831 2002 scripta

181 2002 287 2033 divinis.
303 2007 327 2029 et
342 2003 495 2036 apostolicis
511 2004 634 2037 proxima
654 2008 806 2036 reputantus
820 2010 828 2029 :
844 2003 928 2029 nostri
952 2007 1042 2028 anteiit
1063 2003 1196 2030 similibus
1216 2011 1263 2038 pro
1287 2008 1376 2029 nostro
1393 2008 1417 2029 et
1430 2003 1547 2036 ipsorum
1562 2008 1640 2037 captu
1661 2012 1702 2030 res
1722 2004 1830 2030 diuinas

180 2044 349 2070 ea‘poncmus.
366 2039 396 2065 Si
410 2039 478 2065 enim
495 2038 669 2072 perfectorum
683 2038 834 2074 estrsolidus
853 2037 939 2068 cibus,
959 2037 1027 2064 alios
1041 2046 1070 2064 eo
1086 2046 1193 2073 pascere
1202 2043 1309 2074 quanta'
1326 2039 1494 2072 perfectionis
1514 2040 1571 2065 est?
1587 2039 1665 2065 Recte
1682 2039 1767 2073 igitur
1782 2039 1832 2065 hoc

180 2081 282 2108 quoque
296 2083 311 2100 a
327 2074 401 2100 nobis
414 2074 513 2100 dictum
527 2078 575 2104 est,
592 2073 693 2099 claram
710 2073 787 2099 illam
798 2078 822 2099 et
841 2081 886 2107 per
899 2081 926 2099 se
938 2074 1071 2100 oculatum
1092 2074 1273 2107 spiritualium
1286 2073 1451 2108 eloquiorum
1467 2075 1712 2108 contemplationem
1725 2078 1750 2100 et
1765 2083 1829 2100 suc-

180 2109 294 2144 cinctam
309 2117 399 2136 eorum
414 2109 564 2136 doctrinam
578 2109 773 2135 exercitatior-is
784 2108 901 2142 indigere
914 2108 1069 2142 facultatis;
1081 2117 1230 2136 sermonum
1249 2114 1336 2135 autem
1347 2110 1390 2144 qui
1402 2117 1432 2136 eo
1445 2109 1586 2140 deducant,
1599 2110 1737 2136 scientiam
1751 2116 1831 2144 atque

180 2143 351 2178 disciplinam
371 2144 542 2179 inferioribus
557 2152 696 2170 sacrorum
712 2144 899 2178 mysteriorum
916 2144 1050 2178 magistris
1070 2144 1151 2179 juata
1169 2149 1193 2171 et
1218 2143 1357 2178 discipulis
1375 2145 1520 2171 convenire.
1542 2145 1701 2179 Quanquam
1718 2149 1743 2171 et
1759 2143 1830 2172 illud

180 2186 281 2214 quoque
296 2189 312 2206 a
326 2180 400 2206 nobis
413 2188 537 2214 perquam
561 2179 701 2214 diligenter
720 2184 759 2206 est
781 2178 959 2209 observatum.
988 2184 1017 2205 ut
1041 2187 1099 2214 qun'
1118 2179 1220 2206 divinus
1235 2179 1371 2214 512ille
1394 2184 1537 2214 prauepter
1557 2178 1638 2214 plana
1661 2181 1831 2214 expositione

180 2213 356 2250 distinxisset,
374 2216 447 2241 nullo
463 2213 539 2241 modo
557 2213 754 2250 attiitgerentus,
767 2222 813 2241 nec
829 2215 862 2241 iis
878 2222 936 2249 qua:
947 2214 1002 2250 ipse
1018 2214 1200 2247 dilucidasset,
1219 2213 1466 2250 deituo'repetendis
1482 2220 1570 2241 actum
1588 2213 1736 2250 ageremus.
1755 2216 1829 2243 liac-

182 2253 261 2277 tenus
280 2249 400 2285 Dionysii
418 2251 599 2285 Areopagum,
617 2250 668 2276 viri
687 2251 713 2276 in
733 2251 850 2277 maxima
867 2255 894 2276 et
911 2249 1108 2276 sublimissimo
1125 2251 1240 2277 scientia
1259 2251 1337 2285 longe
1360 2250 1554 2277 modestissimi
1572 2249 1653 2277 verba
1673 2251 1755 2285 plane
1781 2260 1830 2278 au-

181 2291 238 2320 rea,
257 2293 316 2319 qua:
333 2284 441 2313 cunctis
465 2284 548 2313 siin-ie
566 2286 708 2320 theologia:
734 2286 904 2317 doctoribus,
922 2284 969 2311 sed
986 2288 1014 2312 et
1031 2285 1196 2319 quibuslibet
1221 2286 1282 2313 aliis
1306 2284 1533 2320 quarumcunque
1550 2287 1648 2312 artium
1673 2284 1829 2320 magistris.

181 2319 229 2346 sed
247 2324 337 2347 tamen
356 2321 409 2348 illis
434 2322 585 2356 potissimo,
609 2325 640 2347 ut
663 2319 786 2354 ejusdem
809 2321 893 2348 studii
916 2319 1108 2356 corrivalibus,
1132 2328 1194 2348 cum
1219 2319 1383 2348 Christiana
1400 2319 1615 2356 subtilissionis,
1639 2325 1698 2347 tum
1723 2319 1774 2349 ide“.
1788 2323 1831 2348 itze

183 2356 343 2387 maroribus.
363 2360 390 2382 et
407 2355 558 2390 praesertim
576 2356 717 2390 magistris
741 2356 799 2383 suis
826 2355 987 2383 reverentia:
1012 2355 1138 2389 exemplo
1159 2363 1222 2383 esse
1238 2356 1365 2384 debeant.
1387 2355 1486 2384 Verum
1511 2355 1545 2383 de
1572 2357 1708 2384 modestia
1731 2362 1829 2385 satis:

181 2397 255 2417 nunc
272 2398 401 2425 germana
418 2392 478 2426 ejus
495 2391 680 2418 mansuetudo
696 2391 795 2426 inspici
814 2391 899 2425 cupit.

889 2447 1005 2475 CAPUT
1026 2447 1120 2476 XXIV.

572 2495 693 2530 Dionysii
713 2496 900 2528 mansuetudo,
919 2501 943 2523 et
964 2497 1176 2524 mansuetudinis
1195 2497 1398 2525 commendatio.

220 2541 309 2570 Sancti
328 2542 450 2582 Dionysii
469 2543 609 2583 modestia:
622 2552 714 2572 comes
726 2545 906 2583 mansuetudo
926 2545 1068 2583 jungatur.
1087 2545 1192 2583 Quibus
1210 2546 1310 2573 scilicet
1330 2550 1359 2573 ut
1376 2547 1492 2582 geminis
1509 2549 1702 2583 germanisque
1721 2551 1830 2576 sorori-

181 2580 243 2610 bus,
255 2586 328 2617 (τυπιιῆ
336 2580 436 2613 scripta
453 2578 513 2612 ejus
530 2583 640 2617 postera,
666 2584 724 2617 tum
741 2581 864 2617 epistola:
881 2578 1032 2617 praesertim
1051 2581 1172 2616 insignes
1196 2586 1271 2613 sunt,
1290 2578 1400 2616 tresque
1417 2578 1602 2617 potissiiumn,
1622 2578 1675 2610 una
1693 2584 1728 2610 ad
1748 2584 1832 2617 Poly-

182 2594 243 2610 uua,
255 2594 316 2604 ιιυιιι
336 2594 436 2613 δωιμια
453 2594 513 2612 ηαδ
531 2594 640 2611 ιιαειιι,
667 2594 724 2606 ιιιιιι
741 2594 864 2616 εμιδιυιιις
881 2594 977 2615 μιοεδςι
986 2594 1032 2606 ιιιιι
1051 2594 1172 2616 ιιιδιδιιςδ
1196 2594 1271 2613 bunt,
1291 2594 1400 2616 tresque
1417 2594 1602 2617 potissmium,
1622 2594 1675 2610 una
1693 2594 1728 2610 uu
1748 2594 1797 2612 ιύι
1812 2594 1831 2605 ’-

182 2620 293 2647 carpunt
312 2612 434 2652 Stuyrna:
460 2614 636 2652 pontiﬁcem,
666 2616 750 2642 altera
779 2616 812 2642 ad
838 2615 1028 2652 Dentophilum
1056 2617 1231 2647 monachum,
1251 2618 1330 2643 tertia
1357 2617 1391 2644 ad
1421 2617 1567 2652 Sopatrum
1591 2619 1777 2647 sacerdotem.
1801 2594 1831 2647 in

182 2656 296 2689 quorum
315 2649 401 2684 prima
420 2649 516 2689 leuiter
533 2649 884 2689 adtnodttm_et_matisuetc
901 2649 1101 2689 conjectunrin
1119 2659 1148 2678 se
1165 2652 1362 2689 Apollophanis
1388 2649 1470 2687 grave
1488 2654 1643 2680 convicium
1661 2658 1807 2689 retorquet
1823 2666 1830 2683 :

182 2683 330 2724 secundum
347 2692 413 2711 vero
431 2688 514 2711 totam
535 2687 595 2724 lere.
608 2685 634 2711 in
647 2685 750 2724 eximia
768 2683 989 2724 mansuetudinis
1005 2686 1085 2724 laude
1102 2683 1297 2724 consumite-lu
1316 2683 1401 2714 tertia
1413 2695 1495 2724 quam
1514 2689 1637 2724 suayiter
1653 2697 1716 2716 cum
1733 2683 1833 2724 probis

182 2719 322 2757 viris‘alia
343 2727 423 2753 quam
449 2727 507 2757 nos
527 2720 707 2757 sentientibus
732 2721 866 2757 agendum
895 2721 1056 2757 sitkipsius
1083 2730 1140 2749 sum
1167 2723 1288 2757 epistolae
1313 2719 1439 2757 exemplo
1468 2722 1549 2750 docet
1565 2720 1593 2756 ἢ
1611 2727 1653 2751 est
1681 2719 1756 2751 eniiu
1784 2725 1831 2751 illa

181 2754 300 2794 graviter
314 2755 393 2788 juxta
409 2758 436 2781 et
453 2756 659 2789 perhumaniter
671 2754 791 2794 scripta.
810 2754 1001 2794 Dionysiohoc
1013 2764 1154 2794 proprium
1171 2754 1232 2789 fuit,
1253 2763 1280 2784 ut
1298 2766 1347 2785 sua
1365 2754 1512 2794 minaretur
1528 2754 1616 2786 solide
1632 2760 1830 2794 comprobare,

182 2790 269 2829 aliena
287 2798 341 2816 non
359 2797 523 2825 magnopere
536 2798 649 2829 curaret
662 2790 890 2829 ‘(nisi’simultum
909 2790 1033 2829 religioni
1051 2790 1343 2829 ollicerpntlrel’utarc.
1364 2793 1478 2829 Ostensa
1495 2794 1567 2820 cuitu
1587 2798 1662 2820 certo
1677 2790 1705 2821 ei
1722 2790 1831 2829 liquido

183 2825 283 2851 veritas
297 2833 405 2852 omnem
423 2826 589 2852 contrariam
608 2826 752 2854 lalsitatcm
769 2834 819 2854 suo
837 2831 923 2854 marte
941 2828 1107 2862 supplantat.
1133 2825 1211 2860 Quod
1236 2829 1307 2856 idem
1333 2829 1391 2863 ipse
1415 2830 1442 2856 in
1459 2828 1579 2864 Epistola
1597 2829 1630 2856 ad
1649 2829 1678 2857 S.
1693 2825 1829 2867 Poljcar-

216 2891 292 2921 "Est
314 2895 384 2922 inter
408 2896 538 2930 epistolas
564 2897 650 2926 sancti
675 2896 796 2933 Dionysii
821 2896 916 2926 ordine
942 2902 1029 2924 sexta.
