  <div class='ocr_page' id='page_1' title='image "/cluster/home/n/w/nwhite01/storage/ocr_20150623/4/njp.32101010944526/447.png"; bbox 0 0 1929 3092; ppageno 0'>
   <div class='ocr_carea' id='block_1_1' title="bbox 166 152 1796 181">
    <p class='ocr_par' dir='ltr' id='par_1_1' title="bbox 166 152 1796 181">
     <span class='ocr_line' id='line_1_1' title="bbox 166 152 1796 181; baseline -0.001 0"><span class='ocrx_word' id='word_1_1' title='bbox 166 153 220 181; x_wconf 75' lang='lat'><strong>859</strong></span> <span class='ocrx_word' id='word_1_2' title='bbox 756 152 786 180; x_wconf 89' lang='lat' dir='ltr'><strong>S.</strong></span> <span class='ocrx_word' id='word_1_3' title='bbox 804 152 954 181; x_wconf 70' lang='lat' dir='ltr'><strong>DIONYSII</strong></span> <span class='ocrx_word' id='word_1_4' title='bbox 971 152 1202 181; x_wconf 68' lang='lat' dir='ltr'><strong>AREOPAGITE</strong></span> <span class='ocrx_word' id='word_1_5' title='bbox 1739 152 1796 180; x_wconf 78' lang='lat'><strong>860</strong></span> 
     </span>
    </p>
   </div>
   <div class='ocr_carea' id='block_1_2' title="bbox 168 209 1794 251">
    <p class='ocr_par' dir='ltr' id='par_1_2' title="bbox 168 209 1794 251">
     <span class='ocr_line' id='line_1_2' title="bbox 168 209 1794 251; baseline 0 -14"><span class='ocrx_word' id='word_1_6' title='bbox 168 210 268 251; x_wconf 66' lang='lat' dir='ltr'><strong>colitur</strong></span> <span class='ocrx_word' id='word_1_7' title='bbox 281 215 309 238; x_wconf 84' lang='lat' dir='ltr'><strong>et</strong></span> <span class='ocrx_word' id='word_1_8' title='bbox 326 209 458 251; x_wconf 52' lang='lat' dir='ltr'><strong>habetur)</strong></span> <span class='ocrx_word' id='word_1_9' title='bbox 471 209 562 237; x_wconf 83' lang='lat' dir='ltr'><strong>villam</strong></span> <span class='ocrx_word' id='word_1_10' title='bbox 575 209 723 251; x_wconf 65' lang='lat' dir='ltr'><strong>quamdam</strong></span> <span class='ocrx_word' id='word_1_11' title='bbox 739 209 1056 251; x_wconf 17' lang='lat' dir='ltr'><strong>nominatamr&#39;l&#39;eintuna</strong></span> <span class='ocrx_word' id='word_1_12' title='bbox 1113 209 1256 250; x_wconf 70' lang='lat' dir='ltr'><strong>territorio</strong></span> <span class='ocrx_word' id='word_1_13' title='bbox 1265 213 1292 236; x_wconf 88' lang='lat' dir='ltr'><strong>et</strong></span> <span class='ocrx_word' id='word_1_14' title='bbox 1304 209 1437 250; x_wconf 71' lang='lat' dir='ltr'><strong>comitatu</strong></span> <span class='ocrx_word' id='word_1_15' title='bbox 1453 210 1529 251; x_wconf 80' lang='lat' dir='ltr'><strong>urbis</strong></span> <span class='ocrx_word' id='word_1_16' title='bbox 1541 217 1602 251; x_wconf 70' lang='lat' dir='ltr'><strong>qua:</strong></span> <span class='ocrx_word' id='word_1_17' title='bbox 1615 209 1794 251; x_wconf 71' lang='lat' dir='ltr'><strong>Oxenal&#39;orda</strong></span> 
     </span>
    </p>
   </div>
   <div class='ocr_carea' id='block_1_3' title="bbox 169 245 1791 280">
    <p class='ocr_par' dir='ltr' id='par_1_3' title="bbox 169 245 1791 280">
     <span class='ocr_line' id='line_1_3' title="bbox 169 245 1791 280; baseline 0 -8"><span class='ocrx_word' id='word_1_18' title='bbox 169 245 282 278; x_wconf 89' lang='lat' dir='ltr'><strong>dicitur,</strong></span> <span class='ocrx_word' id='word_1_19' title='bbox 295 253 359 273; x_wconf 90' lang='lat' dir='ltr'><strong>cum</strong></span> <span class='ocrx_word' id='word_1_20' title='bbox 373 245 503 273; x_wconf 85' lang='lat' dir='ltr'><strong>omnibus</strong></span> <span class='ocrx_word' id='word_1_21' title='bbox 529 245 726 279; x_wconf 78' lang='lat' dir='ltr'><strong>appendit-ibus</strong></span> <span class='ocrx_word' id='word_1_22' title='bbox 741 245 811 280; x_wconf 80' lang='lat' dir='ltr'><strong>ejus.</strong></span> <span class='ocrx_word' id='word_1_23' title='bbox 828 245 855 273; x_wconf 88' lang='lat' dir='ltr'><strong>id</strong></span> <span class='ocrx_word' id='word_1_24' title='bbox 878 250 920 272; x_wconf 84' lang='lat' dir='ltr'><strong>est</strong></span> <span class='ocrx_word' id='word_1_25' title='bbox 947 245 1037 279; x_wconf 85' lang='lat' dir='ltr'><strong>terris,</strong></span> <span class='ocrx_word' id='word_1_26' title='bbox 1060 245 1148 276; x_wconf 79' lang='lat' dir='ltr'><strong>silvis.</strong></span> <span class='ocrx_word' id='word_1_27' title='bbox 1165 245 1283 279; x_wconf 83' lang='lat' dir='ltr'><strong>pascuis,</strong></span> <span class='ocrx_word' id='word_1_28' title='bbox 1304 245 1392 279; x_wconf 83' lang='lat' dir='ltr'><strong>aquis.</strong></span> <span class='ocrx_word' id='word_1_29' title='bbox 1409 246 1506 280; x_wconf 87' lang='lat' dir='ltr'><strong>pratis.</strong></span> <span class='ocrx_word' id='word_1_30' title='bbox 1521 246 1602 272; x_wconf 87' lang='lat' dir='ltr'><strong>cultis</strong></span> <span class='ocrx_word' id='word_1_31' title='bbox 1619 250 1648 273; x_wconf 87' lang='lat' dir='ltr'><strong>et</strong></span> <span class='ocrx_word' id='word_1_32' title='bbox 1665 245 1791 275; x_wconf 85' lang='lat' dir='ltr'><strong>incultis.</strong></span> 
     </span>
    </p>
   </div>
   <div class='ocr_carea' id='block_1_4' title="bbox 169 279 1794 315">
    <p class='ocr_par' dir='ltr' id='par_1_4' title="bbox 169 279 1794 315">
     <span class='ocr_line' id='line_1_4' title="bbox 169 279 1794 315; baseline -0.001 -7"><span class='ocrx_word' id='word_1_33' title='bbox 169 280 212 308; x_wconf 87' lang='lat' dir='ltr'><strong>Sit</strong></span> <span class='ocrx_word' id='word_1_34' title='bbox 226 286 317 308; x_wconf 84' lang='lat' dir='ltr'><strong>autem</strong></span> <span class='ocrx_word' id='word_1_35' title='bbox 330 286 401 308; x_wconf 88' lang='lat' dir='ltr'><strong>terra</strong></span> <span class='ocrx_word' id='word_1_36' title='bbox 415 281 472 308; x_wconf 64' lang='lat' dir='ltr'><strong>hac</strong></span> <span class='ocrx_word' id='word_1_37' title='bbox 488 280 616 307; x_wconf 87' lang='lat' dir='ltr'><strong>immunis</strong></span> <span class='ocrx_word' id='word_1_38' title='bbox 628 284 656 306; x_wconf 90' lang='lat' dir='ltr'><strong>et</strong></span> <span class='ocrx_word' id='word_1_39' title='bbox 670 279 754 307; x_wconf 88' lang='lat' dir='ltr'><strong>libera</strong></span> <span class='ocrx_word' id='word_1_40' title='bbox 771 279 806 306; x_wconf 85' lang='lat' dir='ltr'><strong>ab</strong></span> <span class='ocrx_word' id='word_1_41' title='bbox 817 281 890 307; x_wconf 90' lang='lat' dir='ltr'><strong>omni</strong></span> <span class='ocrx_word' id='word_1_42' title='bbox 907 281 1026 315; x_wconf 78' lang='lat' dir='ltr'><strong>negotio,</strong></span> <span class='ocrx_word' id='word_1_43' title='bbox 1042 285 1156 314; x_wconf 77' lang='lat' dir='ltr'><strong>excepta</strong></span> <span class='ocrx_word' id='word_1_44' title='bbox 1169 280 1351 313; x_wconf 77' lang='lat' dir='ltr'><strong>crpeditioae.</strong></span> <span class='ocrx_word' id='word_1_45' title='bbox 1364 285 1391 307; x_wconf 84' lang='lat' dir='ltr'><strong>et</strong></span> <span class='ocrx_word' id='word_1_46' title='bbox 1408 281 1497 315; x_wconf 82' lang='lat' dir='ltr'><strong>pontis</strong></span> <span class='ocrx_word' id='word_1_47' title='bbox 1511 280 1552 307; x_wconf 89' lang='lat' dir='ltr'><strong>vel</strong></span> <span class='ocrx_word' id='word_1_48' title='bbox 1567 281 1638 308; x_wconf 83' lang='lat' dir='ltr'><strong>arcis</strong></span> <span class='ocrx_word' id='word_1_49' title='bbox 1652 280 1794 308; x_wconf 82' lang='lat' dir='ltr'><strong>instaura-</strong></span> 
     </span>
    </p>
   </div>
   <div class='ocr_carea' id='block_1_5' title="bbox 170 314 1792 350">
    <p class='ocr_par' dir='ltr' id='par_1_5' title="bbox 170 314 1792 350">
     <span class='ocr_line' id='line_1_5' title="bbox 170 314 1792 350; baseline 0 -7"><span class='ocrx_word' id='word_1_50' title='bbox 170 316 255 344; x_wconf 87' lang='lat' dir='ltr'><strong>tione.</strong></span> <span class='ocrx_word' id='word_1_51' title='bbox 279 317 357 349; x_wconf 81' lang='lat' dir='ltr'><strong>Quod</strong></span> <span class='ocrx_word' id='word_1_52' title='bbox 373 316 396 343; x_wconf 84' lang='lat' dir='ltr'><strong>si</strong></span> <span class='ocrx_word' id='word_1_53' title='bbox 415 317 460 350; x_wconf 86' lang='lat' dir='ltr'><strong>qui</strong></span> <span class='ocrx_word' id='word_1_54' title='bbox 477 316 653 350; x_wconf 77' lang='lat' dir='ltr'><strong>violaverim,</strong></span> <span class='ocrx_word' id='word_1_55' title='bbox 672 315 707 341; x_wconf 78' lang='lat' dir='ltr'><strong>sit</strong></span> <span class='ocrx_word' id='word_1_56' title='bbox 725 322 790 348; x_wconf 87' lang='lat' dir='ltr'><strong>pars</strong></span> <span class='ocrx_word' id='word_1_57' title='bbox 808 322 915 347; x_wconf 87' lang='lat' dir='ltr'><strong>eorum,</strong></span> <span class='ocrx_word' id='word_1_58' title='bbox 930 314 1044 350; x_wconf 68' lang='lat' dir='ltr'><strong>decreto</strong></span> <span class='ocrx_word' id='word_1_59' title='bbox 1059 314 1106 342; x_wconf 86' lang='lat' dir='ltr'><strong>Dei</strong></span> <span class='ocrx_word' id='word_1_60' title='bbox 1120 320 1147 341; x_wconf 88' lang='lat' dir='ltr'><strong>et</strong></span> <span class='ocrx_word' id='word_1_61' title='bbox 1162 322 1239 347; x_wconf 90' lang='lat' dir='ltr'><strong>meo,</strong></span> <span class='ocrx_word' id='word_1_62' title='bbox 1254 314 1432 350; x_wconf 82' lang='lat' dir='ltr'><strong>omniumque</strong></span> <span class='ocrx_word' id='word_1_63' title='bbox 1451 315 1641 350; x_wconf 88' lang='lat' dir='ltr'><strong>episcoporum</strong></span> <span class='ocrx_word' id='word_1_64' title='bbox 1656 314 1792 349; x_wconf 86' lang='lat' dir='ltr'><strong>(quorum</strong></span> 
     </span>
    </p>
   </div>
   <div class='ocr_carea' id='block_1_6' title="bbox 170 348 1790 385">
    <p class='ocr_par' dir='ltr' id='par_1_6' title="bbox 170 348 1790 385">
     <span class='ocr_line' id='line_1_6' title="bbox 170 348 1790 385; baseline -0.001 -8"><span class='ocrx_word' id='word_1_65' title='bbox 170 351 281 378; x_wconf 85' lang='lat' dir='ltr'><strong>nomina</strong></span> <span class='ocrx_word' id='word_1_66' title='bbox 292 348 344 378; x_wconf 26' lang='lat' dir='ltr'><strong>’hic</strong></span> <span class='ocrx_word' id='word_1_67' title='bbox 358 348 503 385; x_wconf 79' lang='lat' dir='ltr'><strong>habentur)</strong></span> <span class='ocrx_word' id='word_1_68' title='bbox 520 358 582 377; x_wconf 89' lang='lat' dir='ltr'><strong>cum</strong></span> <span class='ocrx_word' id='word_1_69' title='bbox 596 348 663 376; x_wconf 76' lang='lat' dir='ltr'><strong>Juda</strong></span> <span class='ocrx_word' id='word_1_70' title='bbox 683 350 828 382; x_wconf 78' lang='lat' dir='ltr'><strong>traditore.</strong></span> <span class='ocrx_word' id='word_1_71' title='bbox 844 358 906 377; x_wconf 88' lang='lat' dir='ltr'><strong>cum</strong></span> <span class='ocrx_word' id='word_1_72' title='bbox 926 349 1031 377; x_wconf 88' lang='lat' dir='ltr'><strong>Dathan</strong></span> <span class='ocrx_word' id='word_1_73' title='bbox 1043 354 1071 378; x_wconf 89' lang='lat' dir='ltr'><strong>et</strong></span> <span class='ocrx_word' id='word_1_74' title='bbox 1083 351 1198 382; x_wconf 91' lang='lat' dir='ltr'><strong>Abiron,</strong></span> <span class='ocrx_word' id='word_1_75' title='bbox 1214 351 1240 377; x_wconf 92' lang='lat' dir='ltr'><strong>in</strong></span> <span class='ocrx_word' id='word_1_76' title='bbox 1259 351 1347 385; x_wconf 89' lang='lat' dir='ltr'><strong>ignem</strong></span> <span class='ocrx_word' id='word_1_77' title='bbox 1363 348 1505 381; x_wconf 78' lang='lat' dir='ltr'><strong>:eierttuiu,</strong></span> <span class='ocrx_word' id='word_1_78' title='bbox 1521 348 1565 377; x_wconf 79' lang='lat' dir='ltr'><strong>ubi</strong></span> <span class='ocrx_word' id='word_1_79' title='bbox 1579 348 1790 377; x_wconf 31' lang='lat' dir='ltr'><strong>vermis’eorum</strong></span> 
     </span>
    </p>
   </div>
   <div class='ocr_carea' id='block_1_7' title="bbox 170 384 1790 419">
    <p class='ocr_par' dir='ltr' id='par_1_7' title="bbox 170 384 1790 419">
     <span class='ocr_line' id='line_1_7' title="bbox 170 384 1790 419; baseline 0 -7"><span class='ocrx_word' id='word_1_80' title='bbox 170 393 223 412; x_wconf 90' lang='lat' dir='ltr'><strong>non</strong></span> <span class='ocrx_word' id='word_1_81' title='bbox 243 386 370 418; x_wconf 91' lang='lat' dir='ltr'><strong>moritur,</strong></span> <span class='ocrx_word' id='word_1_82' title='bbox 387 391 415 413; x_wconf 91' lang='lat' dir='ltr'><strong>et</strong></span> <span class='ocrx_word' id='word_1_83' title='bbox 437 384 507 419; x_wconf 83' lang='lat' dir='ltr'><strong>ignis</strong></span> <span class='ocrx_word' id='word_1_84' title='bbox 522 394 574 412; x_wconf 87' lang='lat' dir='ltr'><strong>non</strong></span> <span class='ocrx_word' id='word_1_85' title='bbox 591 384 792 418; x_wconf 78' lang='lat' dir='ltr'><strong>exstinguitur;</strong></span> <span class='ocrx_word' id='word_1_86' title='bbox 807 386 860 413; x_wconf 75' lang='lat' dir='ltr'><strong>nisi</strong></span> <span class='ocrx_word' id='word_1_87' title='bbox 877 390 982 412; x_wconf 81' lang='lat' dir='ltr'><strong>reatum</strong></span> <span class='ocrx_word' id='word_1_88' title='bbox 1000 393 1079 412; x_wconf 86' lang='lat' dir='ltr'><strong>suurn</strong></span> <span class='ocrx_word' id='word_1_89' title='bbox 1093 393 1187 412; x_wconf 84' lang='lat' dir='ltr'><strong>coram</strong></span> <span class='ocrx_word' id='word_1_90' title='bbox 1203 386 1258 412; x_wconf 88' lang='lat' dir='ltr'><strong>Deo</strong></span> <span class='ocrx_word' id='word_1_91' title='bbox 1271 384 1300 412; x_wconf 74' lang='lat' dir='ltr'><strong>et</strong></span> <span class='ocrx_word' id='word_1_92' title='bbox 1314 391 1409 412; x_wconf 78' lang='lat' dir='ltr'><strong>sancto</strong></span> <span class='ocrx_word' id='word_1_93' title='bbox 1423 385 1553 419; x_wconf 74' lang='lat' dir='ltr'><strong>Dionysio</strong></span> <span class='ocrx_word' id='word_1_94' title='bbox 1568 385 1790 413; x_wconf 81' lang='lat' dir='ltr'><strong>emendaverint.</strong></span> 
     </span>
    </p>
   </div>
   <div class='ocr_carea' id='block_1_8' title="bbox 167 419 1791 455">
    <p class='ocr_par' dir='ltr' id='par_1_8' title="bbox 167 419 1791 455">
     <span class='ocr_line' id='line_1_8' title="bbox 167 419 1791 455; baseline 0 -8"><span class='ocrx_word' id='word_1_95' title='bbox 167 419 249 447; x_wconf 79' lang='lat' dir='ltr'><strong>Anno</strong></span> <span class='ocrx_word' id='word_1_96' title='bbox 269 421 418 449; x_wconf 67' lang='lat' dir='ltr'><strong>Dominicre</strong></span> <span class='ocrx_word' id='word_1_97' title='bbox 433 420 632 448; x_wconf 67' lang='lat' dir='ltr'><strong>[incarnationis</strong></span> <span class='ocrx_word' id='word_1_98' title='bbox 653 420 799 447; x_wconf 87' lang='lat' dir='ltr'><strong>millesimo</strong></span> <span class='ocrx_word' id='word_1_99' title='bbox 817 421 1040 455; x_wconf 83' lang='lat' dir='ltr'><strong>quingentesimo</strong></span> <span class='ocrx_word' id='word_1_100' title='bbox 1057 427 1139 451; x_wconf 86' lang='lat' dir='ltr'><strong>nono,</strong></span> <span class='ocrx_word' id='word_1_101' title='bbox 1163 430 1173 446; x_wconf 75' lang='grc' dir='ltr'><strong><em>ι</em></strong></span> <span class='ocrx_word' id='word_1_102' title='bbox 1189 425 1242 447; x_wconf 90' lang='lat' dir='ltr'><strong>etc.</strong></span> <span class='ocrx_word' id='word_1_103' title='bbox 1259 420 1307 448; x_wconf 81' lang='lat' dir='ltr'><strong>His</strong></span> <span class='ocrx_word' id='word_1_104' title='bbox 1329 420 1427 448; x_wconf 74' lang='lat' dir='ltr'><strong>litteris</strong></span> <span class='ocrx_word' id='word_1_105' title='bbox 1451 421 1533 454; x_wconf 71' lang='lat' dir='ltr'><strong>regia:</strong></span> <span class='ocrx_word' id='word_1_106' title='bbox 1554 420 1711 448; x_wconf 80' lang='lat' dir='ltr'><strong>donationis</strong></span> <span class='ocrx_word' id='word_1_107' title='bbox 1724 420 1791 447; x_wconf 70' lang='lat' dir='ltr'><strong>sub-</strong></span> 
     </span>
    </p>
   </div>
   <div class='ocr_carea' id='block_1_9' title="bbox 168 455 1791 517">
    <p class='ocr_par' dir='ltr' id='par_1_9' title="bbox 168 455 1791 517">
     <span class='ocr_line' id='line_1_9' title="bbox 168 455 1791 517; baseline 0.001 -35"><span class='ocrx_word' id='word_1_108' title='bbox 168 455 336 517; x_wconf 68' lang='lat' dir='ltr'><strong>scripserandt</strong></span> <span class='ocrx_word' id='word_1_109' title='bbox 348 456 456 496; x_wconf 80' lang='lat' dir='ltr'><strong>nomina</strong></span> <span class='ocrx_word' id='word_1_110' title='bbox 471 456 634 517; x_wconf 37' lang='lat' dir='ltr'><strong>sua|,_.primo</strong></span> <span class='ocrx_word' id='word_1_111' title='bbox 651 462 699 482; x_wconf 81' lang='lat' dir='ltr'><strong>rex</strong></span> <span class='ocrx_word' id='word_1_112' title='bbox 713 460 741 482; x_wconf 90' lang='lat' dir='ltr'><strong>et</strong></span> <span class='ocrx_word' id='word_1_113' title='bbox 755 456 865 490; x_wconf 83' lang='lat' dir='ltr'><strong>regina,</strong></span> <span class='ocrx_word' id='word_1_114' title='bbox 881 455 980 483; x_wconf 89' lang='lat' dir='ltr'><strong>deinde</strong></span> <span class='ocrx_word' id='word_1_115' title='bbox 994 456 1050 483; x_wconf 91' lang='lat' dir='ltr'><strong>duo</strong></span> <span class='ocrx_word' id='word_1_116' title='bbox 1067 455 1278 490; x_wconf 83' lang='lat' dir='ltr'><strong>archiepiscopi,</strong></span> <span class='ocrx_word' id='word_1_117' title='bbox 1291 461 1348 484; x_wconf 89' lang='lat' dir='ltr'><strong>tum</strong></span> <span class='ocrx_word' id='word_1_118' title='bbox 1364 456 1484 490; x_wconf 85' lang='lat' dir='ltr'><strong>episcopi</strong></span> <span class='ocrx_word' id='word_1_119' title='bbox 1506 462 1555 482; x_wconf 83' lang='lat' dir='ltr'><strong>sex</strong></span> <span class='ocrx_word' id='word_1_120' title='bbox 1567 475 1574 488; x_wconf 90' lang='lat'><strong>,</strong></span> <span class='ocrx_word' id='word_1_121' title='bbox 1592 459 1688 490; x_wconf 87' lang='lat' dir='ltr'><strong>postea</strong></span> <span class='ocrx_word' id='word_1_122' title='bbox 1704 455 1791 483; x_wconf 83' lang='lat' dir='ltr'><strong>duces</strong></span> 
     </span>
     <span class='ocr_line' id='line_1_10' title="bbox 168 496 1482 517; baseline 0 0"><span class='ocrx_word' id='word_1_123' title='bbox 168 498 299 517; x_wconf 83' lang='lat' dir='ltr'><strong>auttmue.</strong></span> <span class='ocrx_word' id='word_1_124' title='bbox 334 499 444 517; x_wconf 86' lang='lat' dir='ltr'><strong>einceos</strong></span> <span class='ocrx_word' id='word_1_125' title='bbox 459 496 487 517; x_wconf 86' lang='lat' dir='ltr'><strong>et</strong></span> <span class='ocrx_word' id='word_1_126' title='bbox 498 499 513 517; x_wconf 76' lang='grc'>2</span> <span class='ocrx_word' id='word_1_127' title='bbox 527 499 556 517; x_wconf 80' lang='grc' dir='ltr'><strong>ΙΙ.</strong></span> <span class='ocrx_word' id='word_1_128' title='bbox 1477 507 1482 512; x_wconf 93' lang='lat'><strong><em>-</em></strong></span> 
     </span>
    </p>
   </div>
   <div class='ocr_carea' id='block_1_10' title="bbox 189 491 1482 519">
    <p class='ocr_par' dir='ltr' id='par_1_10' title="bbox 189 491 1482 519">
     <span class='ocr_line' id='line_1_11' title="bbox 189 491 1482 519; baseline -0.004 -2"><span class='ocrx_word' id='word_1_129' title='bbox 189 491 299 519; x_wconf 87' lang='lat' dir='ltr'><strong>uiuoue.</strong></span> <span class='ocrx_word' id='word_1_130' title='bbox 316 492 444 519; x_wconf 83' lang='lat' dir='ltr'><strong>deinceps</strong></span> <span class='ocrx_word' id='word_1_131' title='bbox 459 496 487 519; x_wconf 88' lang='lat' dir='ltr'><strong>et</strong></span> <span class='ocrx_word' id='word_1_132' title='bbox 498 491 556 518; x_wconf 84' lang='lat' dir='ltr'><strong>alii.</strong></span> <span class='ocrx_word' id='word_1_133' title='bbox 1477 507 1482 512; x_wconf 98' lang='lat'><strong>.</strong></span> 
     </span>
    </p>
   </div>
   <div class='ocr_carea' id='block_1_11' title="bbox 168 498 1792 560">
    <p class='ocr_par' dir='ltr' id='par_1_11' title="bbox 168 498 1792 560">
     <span class='ocr_line' id='line_1_12' title="bbox 168 498 1792 560; baseline -0.001 -7"><span class='ocrx_word' id='word_1_134' title='bbox 168 498 444 553; x_wconf 48' lang='lat' dir='ltr'><strong>qu&#39;s&#39;giiuﬁiegeéiﬁﬁﬁ</strong></span> <span class='ocrx_word' id='word_1_135' title='bbox 455 498 601 554; x_wconf 56' lang='lat' dir='ltr'><strong>[flreavlitlatis</strong></span> <span class='ocrx_word' id='word_1_136' title='bbox 613 526 721 559; x_wconf 76' lang='lat' dir='ltr'><strong>omitto,</strong></span> <span class='ocrx_word' id='word_1_137' title='bbox 734 530 762 552; x_wconf 87' lang='lat' dir='ltr'><strong>et</strong></span> <span class='ocrx_word' id='word_1_138' title='bbox 775 526 809 552; x_wconf 87' lang='lat' dir='ltr'><strong>ab</strong></span> <span class='ocrx_word' id='word_1_139' title='bbox 820 525 969 560; x_wconf 73' lang='lat' dir='ltr'><strong>Anglorum</strong></span> <span class='ocrx_word' id='word_1_140' title='bbox 990 526 1101 560; x_wconf 76' lang='lat' dir='ltr'><strong>pietate,</strong></span> <span class='ocrx_word' id='word_1_141' title='bbox 1115 525 1148 553; x_wconf 83' lang='lat' dir='ltr'><strong>de</strong></span> <span class='ocrx_word' id='word_1_142' title='bbox 1162 533 1214 560; x_wconf 86' lang='lat' dir='ltr'><strong>qua</strong></span> <span class='ocrx_word' id='word_1_143' title='bbox 1240 531 1268 554; x_wconf 78' lang='lat' dir='ltr'><strong>et</strong></span> <span class='ocrx_word' id='word_1_144' title='bbox 1292 526 1407 554; x_wconf 86' lang='lat' dir='ltr'><strong>inferius</strong></span> <span class='ocrx_word' id='word_1_145' title='bbox 1428 507 1520 553; x_wconf 80' lang='lat' dir='ltr'><strong>seruio</strong></span> <span class='ocrx_word' id='word_1_146' title='bbox 1544 526 1609 553; x_wconf 87' lang='lat' dir='ltr'><strong>mihi</strong></span> <span class='ocrx_word' id='word_1_147' title='bbox 1633 526 1792 554; x_wconf 81' lang='lat' dir='ltr'><strong>necessario</strong></span> 
     </span>
    </p>
   </div>
   <div class='ocr_carea' id='block_1_12' title="bbox 169 560 1791 596">
    <p class='ocr_par' dir='ltr' id='par_1_12' title="bbox 169 560 1791 596">
     <span class='ocr_line' id='line_1_13' title="bbox 169 560 1791 596; baseline 0.001 -9"><span class='ocrx_word' id='word_1_148' title='bbox 169 560 354 588; x_wconf 83' lang='lat' dir='ltr'><strong>instituendus</strong></span> <span class='ocrx_word' id='word_1_149' title='bbox 368 566 420 594; x_wconf 82' lang='lat' dir='ltr'><strong>est,</strong></span> <span class='ocrx_word' id='word_1_150' title='bbox 445 561 471 588; x_wconf 91' lang='lat' dir='ltr'><strong>in</strong></span> <span class='ocrx_word' id='word_1_151' title='bbox 495 561 639 588; x_wconf 88' lang='lat' dir='ltr'><strong>Franciam</strong></span> <span class='ocrx_word' id='word_1_152' title='bbox 655 562 750 596; x_wconf 84' lang='lat' dir='ltr'><strong>pedem</strong></span> <span class='ocrx_word' id='word_1_153' title='bbox 766 561 865 588; x_wconf 79' lang='lat' dir='ltr'><strong>refero.</strong></span> <span class='ocrx_word' id='word_1_154' title='bbox 882 560 967 589; x_wconf 83' lang='lat' dir='ltr'><strong>Vocat</strong></span> <span class='ocrx_word' id='word_1_155' title='bbox 986 561 1059 588; x_wconf 92' lang='lat' dir='ltr'><strong>enim</strong></span> <span class='ocrx_word' id='word_1_156' title='bbox 1073 561 1107 588; x_wconf 85' lang='lat' dir='ltr'><strong>ad</strong></span> <span class='ocrx_word' id='word_1_157' title='bbox 1122 568 1162 592; x_wconf 84' lang='lat' dir='ltr'><strong>se.</strong></span> <span class='ocrx_word' id='word_1_158' title='bbox 1184 568 1264 595; x_wconf 87' lang='lat' dir='ltr'><strong>quem</strong></span> <span class='ocrx_word' id='word_1_159' title='bbox 1281 562 1413 588; x_wconf 78' lang='lat' dir='ltr'><strong>hactenus</strong></span> <span class='ocrx_word' id='word_1_160' title='bbox 1429 561 1522 594; x_wconf 86' lang='lat' dir='ltr'><strong>omisi,</strong></span> <span class='ocrx_word' id='word_1_161' title='bbox 1537 561 1567 588; x_wconf 82' lang='lat' dir='ltr'><strong>S.</strong></span> <span class='ocrx_word' id='word_1_162' title='bbox 1582 561 1697 594; x_wconf 82' lang='lat' dir='ltr'><strong>Eligius,</strong></span> <span class='ocrx_word' id='word_1_163' title='bbox 1713 566 1741 588; x_wconf 87' lang='lat' dir='ltr'><strong>et</strong></span> <span class='ocrx_word' id='word_1_164' title='bbox 1762 561 1791 588; x_wconf 89' lang='lat' dir='ltr'><strong>iit</strong></span> 
     </span>
    </p>
   </div>
   <div class='ocr_carea' id='block_1_13' title="bbox 173 595 1792 631">
    <p class='ocr_par' dir='ltr' id='par_1_13' title="bbox 173 595 1792 631">
     <span class='ocr_line' id='line_1_14' title="bbox 173 595 1792 631; baseline 0.001 -9"><span class='ocrx_word' id='word_1_165' title='bbox 173 595 203 623; x_wconf 87' lang='lat' dir='ltr'><strong>S.</strong></span> <span class='ocrx_word' id='word_1_166' title='bbox 220 597 343 631; x_wconf 81' lang='lat' dir='ltr'><strong>Dionysii</strong></span> <span class='ocrx_word' id='word_1_167' title='bbox 356 597 458 624; x_wconf 82' lang='lat' dir='ltr'><strong>horrore</strong></span> <span class='ocrx_word' id='word_1_168' title='bbox 473 596 590 631; x_wconf 86' lang='lat' dir='ltr'><strong>spectari</strong></span> <span class='ocrx_word' id='word_1_169' title='bbox 607 595 694 623; x_wconf 84' lang='lat' dir='ltr'><strong>artem</strong></span> <span class='ocrx_word' id='word_1_170' title='bbox 711 604 787 622; x_wconf 87' lang='lat' dir='ltr'><strong>suam</strong></span> <span class='ocrx_word' id='word_1_171' title='bbox 803 597 881 630; x_wconf 81' lang='lat' dir='ltr'><strong>petit.</strong></span> <span class='ocrx_word' id='word_1_172' title='bbox 892 596 941 623; x_wconf 89' lang='lat' dir='ltr'><strong>Cui</strong></span> <span class='ocrx_word' id='word_1_173' title='bbox 953 603 1019 624; x_wconf 89' lang='lat' dir='ltr'><strong>sane</strong></span> <span class='ocrx_word' id='word_1_174' title='bbox 1032 597 1104 623; x_wconf 87' lang='lat' dir='ltr'><strong>inter</strong></span> <span class='ocrx_word' id='word_1_175' title='bbox 1115 597 1164 623; x_wconf 57' lang='lat' dir='ltr'><strong>arvi</strong></span> <span class='ocrx_word' id='word_1_176' title='bbox 1181 597 1253 623; x_wconf 89' lang='lat' dir='ltr'><strong>illius</strong></span> <span class='ocrx_word' id='word_1_177' title='bbox 1263 596 1392 623; x_wconf 86' lang='lat' dir='ltr'><strong>aurifices</strong></span> <span class='ocrx_word' id='word_1_178' title='bbox 1408 596 1487 623; x_wconf 87' lang='lat' dir='ltr'><strong>facile</strong></span> <span class='ocrx_word' id='word_1_179' title='bbox 1498 596 1625 630; x_wconf 85' lang='lat' dir='ltr'><strong>principi,</strong></span> <span class='ocrx_word' id='word_1_180' title='bbox 1640 596 1705 622; x_wconf 85' lang='lat' dir='ltr'><strong>etin</strong></span> <span class='ocrx_word' id='word_1_181' title='bbox 1718 603 1792 631; x_wconf 85' lang='lat' dir='ltr'><strong>opus</strong></span> 
     </span>
    </p>
   </div>
   <div class='ocr_carea' id='block_1_14' title="bbox 170 631 1792 667">
    <p class='ocr_par' dir='ltr' id='par_1_14' title="bbox 170 631 1792 667">
     <span class='ocr_line' id='line_1_15' title="bbox 170 631 1792 667; baseline 0.001 -10"><span class='ocrx_word' id='word_1_182' title='bbox 170 632 242 665; x_wconf 84' lang='lat' dir='ltr'><strong>quod</strong></span> <span class='ocrx_word' id='word_1_183' title='bbox 257 633 289 658; x_wconf 88' lang='lat' dir='ltr'><strong>ad</strong></span> <span class='ocrx_word' id='word_1_184' title='bbox 308 631 340 658; x_wconf 89' lang='grc' dir='ltr'><strong>Β.</strong></span> <span class='ocrx_word' id='word_1_185' title='bbox 356 632 478 667; x_wconf 84' lang='lat' dir='ltr'><strong>Dionysii</strong></span> <span class='ocrx_word' id='word_1_186' title='bbox 495 632 857 667; x_wconf 22' lang='lat' dir='ltr'><strong>spectabatrornamentum,</strong></span> <span class='ocrx_word' id='word_1_187' title='bbox 874 636 929 658; x_wconf 88' lang='lat' dir='ltr'><strong>toto</strong></span> <span class='ocrx_word' id='word_1_188' title='bbox 944 633 1016 666; x_wconf 89' lang='lat' dir='ltr'><strong>quod</strong></span> <span class='ocrx_word' id='word_1_189' title='bbox 1032 632 1120 663; x_wconf 89' lang='lat' dir='ltr'><strong>aiunt,</strong></span> <span class='ocrx_word' id='word_1_190' title='bbox 1142 632 1235 658; x_wconf 87' lang='lat' dir='ltr'><strong>animo</strong></span> <span class='ocrx_word' id='word_1_191' title='bbox 1251 636 1278 658; x_wconf 91' lang='lat' dir='ltr'><strong>et</strong></span> <span class='ocrx_word' id='word_1_192' title='bbox 1300 639 1415 665; x_wconf 87' lang='lat' dir='ltr'><strong>corpore</strong></span> <span class='ocrx_word' id='word_1_193' title='bbox 1437 632 1616 663; x_wconf 83' lang='lat' dir='ltr'><strong>incumbenti,</strong></span> <span class='ocrx_word' id='word_1_194' title='bbox 1641 631 1717 667; x_wconf 81' lang='lat' dir='ltr'><strong>haud</strong></span> <span class='ocrx_word' id='word_1_195' title='bbox 1734 639 1792 658; x_wconf 84' lang='lat' dir='ltr'><strong>me-</strong></span> 
     </span>
    </p>
   </div>
   <div class='ocr_carea' id='block_1_15' title="bbox 170 665 1789 701">
    <p class='ocr_par' dir='ltr' id='par_1_15' title="bbox 170 665 1789 701">
     <span class='ocr_line' id='line_1_16' title="bbox 170 665 1789 701; baseline 0.001 -10"><span class='ocrx_word' id='word_1_196' title='bbox 170 667 273 694; x_wconf 89' lang='lat' dir='ltr'><strong>diocris</strong></span> <span class='ocrx_word' id='word_1_197' title='bbox 294 667 354 693; x_wconf 84' lang='lat' dir='ltr'><strong>laus</strong></span> <span class='ocrx_word' id='word_1_198' title='bbox 377 665 490 694; x_wconf 76' lang='lat' dir='ltr'><strong>debetur</strong></span> <span class='ocrx_word' id='word_1_199' title='bbox 505 673 513 693; x_wconf 86' lang='lat'><strong>:</strong></span> <span class='ocrx_word' id='word_1_200' title='bbox 529 667 583 693; x_wconf 89' lang='lat' dir='ltr'><strong>imo</strong></span> <span class='ocrx_word' id='word_1_201' title='bbox 598 671 626 694; x_wconf 92' lang='lat' dir='ltr'><strong>et</strong></span> <span class='ocrx_word' id='word_1_202' title='bbox 641 666 829 694; x_wconf 73' lang='lat' dir='ltr'><strong>Noviomeusis</strong></span> <span class='ocrx_word' id='word_1_203' title='bbox 852 665 1036 701; x_wconf 78' lang='lat' dir='ltr'><strong>episcopatus,</strong></span> <span class='ocrx_word' id='word_1_204' title='bbox 1051 667 1097 701; x_wconf 85' lang='lat' dir='ltr'><strong>qui</strong></span> <span class='ocrx_word' id='word_1_205' title='bbox 1115 672 1175 700; x_wconf 90' lang='lat' dir='ltr'><strong>post</strong></span> <span class='ocrx_word' id='word_1_206' title='bbox 1191 667 1322 693; x_wconf 89' lang='lat' dir='ltr'><strong>divinitus</strong></span> <span class='ocrx_word' id='word_1_207' title='bbox 1336 667 1360 693; x_wconf 90' lang='lat' dir='ltr'><strong>ei</strong></span> <span class='ocrx_word' id='word_1_208' title='bbox 1382 667 1502 694; x_wconf 75' lang='lat' dir='ltr'><strong>tributus</strong></span> <span class='ocrx_word' id='word_1_209' title='bbox 1513 671 1565 699; x_wconf 80' lang='lat' dir='ltr'><strong>est,</strong></span> <span class='ocrx_word' id='word_1_210' title='bbox 1581 671 1611 693; x_wconf 92' lang='lat' dir='ltr'><strong>ut</strong></span> <span class='ocrx_word' id='word_1_211' title='bbox 1625 673 1690 699; x_wconf 84' lang='lat' dir='ltr'><strong>pars</strong></span> <span class='ocrx_word' id='word_1_212' title='bbox 1705 665 1789 698; x_wconf 83' lang='lat' dir='ltr'><strong>forte,</strong></span> 
     </span>
    </p>
   </div>
   <div class='ocr_carea' id='block_1_16' title="bbox 170 701 1791 736">
    <p class='ocr_par' dir='ltr' id='par_1_16' title="bbox 170 701 1791 736">
     <span class='ocr_line' id='line_1_17' title="bbox 170 701 1791 736; baseline 0.001 -10"><span class='ocrx_word' id='word_1_213' title='bbox 170 701 259 736; x_wconf 87' lang='lat' dir='ltr'><strong>aliqua</strong></span> <span class='ocrx_word' id='word_1_214' title='bbox 275 702 392 734; x_wconf 64' lang='lat' dir='ltr'><strong>prmitiii,</strong></span> <span class='ocrx_word' id='word_1_215' title='bbox 408 707 585 736; x_wconf 71' lang='lat' dir='ltr'><strong>procuratore</strong></span> <span class='ocrx_word' id='word_1_216' title='bbox 599 703 669 736; x_wconf 85' lang='lat' dir='ltr'><strong>apud</strong></span> <span class='ocrx_word' id='word_1_217' title='bbox 685 702 768 729; x_wconf 89' lang='lat' dir='ltr'><strong>Deum</strong></span> <span class='ocrx_word' id='word_1_218' title='bbox 791 701 931 736; x_wconf 74' lang='lat' dir='ltr'><strong>Dionysio,</strong></span> <span class='ocrx_word' id='word_1_219' title='bbox 946 701 1016 728; x_wconf 81' lang='lat' dir='ltr'><strong>felici</strong></span> <span class='ocrx_word' id='word_1_220' title='bbox 1031 707 1106 728; x_wconf 82' lang='lat' dir='ltr'><strong>sorte</strong></span> <span class='ocrx_word' id='word_1_221' title='bbox 1118 702 1225 736; x_wconf 88' lang='lat' dir='ltr'><strong>obtigit.</strong></span> <span class='ocrx_word' id='word_1_222' title='bbox 1241 701 1308 728; x_wconf 84' lang='lat' dir='ltr'><strong>Nam</strong></span> <span class='ocrx_word' id='word_1_223' title='bbox 1325 702 1404 736; x_wconf 87' lang='lat' dir='ltr'><strong>longe</strong></span> <span class='ocrx_word' id='word_1_224' title='bbox 1422 701 1620 728; x_wconf 80' lang='lat' dir='ltr'><strong>nobilissimum</strong></span> <span class='ocrx_word' id='word_1_225' title='bbox 1633 702 1723 728; x_wconf 86' lang='lat' dir='ltr'><strong>eidem</strong></span> <span class='ocrx_word' id='word_1_226' title='bbox 1737 709 1791 728; x_wconf 90' lang='lat' dir='ltr'><strong>suo</strong></span> 
     </span>
    </p>
   </div>
   <div class='ocr_carea' id='block_1_17' title="bbox 168 736 1791 772">
    <p class='ocr_par' dir='ltr' id='par_1_17' title="bbox 168 736 1791 772">
     <span class='ocr_line' id='line_1_18' title="bbox 168 736 1791 772; baseline 0.001 -10"><span class='ocrx_word' id='word_1_227' title='bbox 168 738 298 772; x_wconf 19' lang='lat' dir='ltr'><strong>&#39;etromnis</strong></span> <span class='ocrx_word' id='word_1_228' title='bbox 311 737 406 765; x_wconf 66' lang='lat' dir='ltr'><strong>Galliae</strong></span> <span class='ocrx_word' id='word_1_229' title='bbox 418 742 532 772; x_wconf 89' lang='lat' dir='ltr'><strong>patrono</strong></span> <span class='ocrx_word' id='word_1_230' title='bbox 547 737 574 764; x_wconf 93' lang='lat' dir='ltr'><strong>in</strong></span> <span class='ocrx_word' id='word_1_231' title='bbox 587 737 701 764; x_wconf 84' lang='lat' dir='ltr'><strong>civitate</strong></span> <span class='ocrx_word' id='word_1_232' title='bbox 720 737 868 764; x_wconf 85' lang='lat' dir='ltr'><strong>Parisiensi</strong></span> <span class='ocrx_word' id='word_1_233' title='bbox 883 736 1003 772; x_wconf 83' lang='lat' dir='ltr'><strong>condidit</strong></span> <span class='ocrx_word' id='word_1_234' title='bbox 1018 736 1195 767; x_wconf 78' lang='lat' dir='ltr'><strong>mausoleum,</strong></span> <span class='ocrx_word' id='word_1_235' title='bbox 1220 737 1265 764; x_wconf 74' lang='lat' dir='ltr'><strong>cui</strong></span> <span class='ocrx_word' id='word_1_236' title='bbox 1284 742 1311 763; x_wconf 90' lang='lat' dir='ltr'><strong>et</strong></span> <span class='ocrx_word' id='word_1_237' title='bbox 1328 741 1428 764; x_wconf 87' lang='lat' dir='ltr'><strong>tectum</strong></span> <span class='ocrx_word' id='word_1_238' title='bbox 1443 744 1510 763; x_wconf 88' lang='lat' dir='ltr'><strong>auro</strong></span> <span class='ocrx_word' id='word_1_239' title='bbox 1523 736 1691 771; x_wconf 82' lang='lat' dir='ltr'><strong>gemmisque</strong></span> <span class='ocrx_word' id='word_1_240' title='bbox 1705 743 1791 772; x_wconf 74' lang='lat' dir='ltr'><strong>opere</strong></span> 
     </span>
    </p>
   </div>
   <div class='ocr_carea' id='block_1_18' title="bbox 170 771 1795 807">
    <p class='ocr_par' dir='ltr' id='par_1_18' title="bbox 170 771 1795 807">
     <span class='ocr_line' id='line_1_19' title="bbox 170 771 1795 807; baseline 0 -9"><span class='ocrx_word' id='word_1_241' title='bbox 170 771 288 799; x_wconf 85' lang='lat' dir='ltr'><strong>mirifico</strong></span> <span class='ocrx_word' id='word_1_242' title='bbox 301 773 482 799; x_wconf 81' lang='lat' dir='ltr'><strong>incrustatum</strong></span> <span class='ocrx_word' id='word_1_243' title='bbox 497 773 680 806; x_wconf 85' lang='lat' dir='ltr'><strong>superposuit.</strong></span> <span class='ocrx_word' id='word_1_244' title='bbox 693 772 752 805; x_wconf 85' lang='lat' dir='ltr'><strong>Quo</strong></span> <span class='ocrx_word' id='word_1_245' title='bbox 764 772 873 806; x_wconf 85' lang='lat' dir='ltr'><strong>quidem</strong></span> <span class='ocrx_word' id='word_1_246' title='bbox 891 771 917 798; x_wconf 94' lang='lat' dir='ltr'><strong>in</strong></span> <span class='ocrx_word' id='word_1_247' title='bbox 931 778 1015 805; x_wconf 89' lang='lat' dir='ltr'><strong>opere</strong></span> <span class='ocrx_word' id='word_1_248' title='bbox 1026 772 1133 798; x_wconf 83' lang='lat' dir='ltr'><strong>tametsi</strong></span> <span class='ocrx_word' id='word_1_249' title='bbox 1147 772 1220 805; x_wconf 83' lang='lat' dir='ltr'><strong>regis</strong></span> <span class='ocrx_word' id='word_1_250' title='bbox 1235 772 1379 807; x_wconf 86' lang='lat' dir='ltr'><strong>Dagoberti</strong></span> <span class='ocrx_word' id='word_1_251' title='bbox 1393 771 1541 799; x_wconf 77' lang='lat' dir='ltr'><strong>liberalius</strong></span> <span class='ocrx_word' id='word_1_252' title='bbox 1553 779 1586 798; x_wconf 88' lang='lat' dir='ltr'><strong>ac</strong></span> <span class='ocrx_word' id='word_1_253' title='bbox 1600 771 1795 798; x_wconf 82' lang='lat' dir='ltr'><strong>muniﬁcentia.</strong></span> 
     </span>
    </p>
   </div>
   <div class='ocr_carea' id='block_1_19' title="bbox 170 807 1789 841">
    <p class='ocr_par' dir='ltr' id='par_1_19' title="bbox 170 807 1789 841">
     <span class='ocr_line' id='line_1_20' title="bbox 170 807 1789 841; baseline -0.001 -7"><span class='ocrx_word' id='word_1_254' title='bbox 170 807 301 840; x_wconf 78' lang='lat' dir='ltr'><strong>pneclare</strong></span> <span class='ocrx_word' id='word_1_255' title='bbox 318 807 485 841; x_wconf 73' lang='lat' dir='ltr'><strong>resplenduit</strong></span> <span class='ocrx_word' id='word_1_256' title='bbox 497 828 505 840; x_wconf 90' lang='lat'><strong>,</strong></span> <span class='ocrx_word' id='word_1_257' title='bbox 532 813 621 834; x_wconf 88' lang='lat' dir='ltr'><strong>tamen</strong></span> <span class='ocrx_word' id='word_1_258' title='bbox 638 815 718 834; x_wconf 90' lang='lat' dir='ltr'><strong>omne</strong></span> <span class='ocrx_word' id='word_1_259' title='bbox 738 808 797 834; x_wconf 84' lang='lat' dir='ltr'><strong>auri</strong></span> <span class='ocrx_word' id='word_1_260' title='bbox 819 813 1043 841; x_wconf 74' lang='lat' dir='ltr'><strong>gemmarumque</strong></span> <span class='ocrx_word' id='word_1_261' title='bbox 1062 807 1176 840; x_wconf 88' lang='lat' dir='ltr'><strong>pretium</strong></span> <span class='ocrx_word' id='word_1_262' title='bbox 1197 807 1268 833; x_wconf 86' lang='lat' dir='ltr'><strong>infra</strong></span> <span class='ocrx_word' id='word_1_263' title='bbox 1285 808 1354 834; x_wconf 87' lang='lat' dir='ltr'><strong>artis</strong></span> <span class='ocrx_word' id='word_1_264' title='bbox 1367 815 1400 834; x_wconf 90' lang='lat' dir='ltr'><strong>ac</strong></span> <span class='ocrx_word' id='word_1_265' title='bbox 1415 807 1555 833; x_wconf 67' lang='lat' dir='ltr'><strong>industria:</strong></span> <span class='ocrx_word' id='word_1_266' title='bbox 1577 807 1789 833; x_wconf 67' lang='lat' dir='ltr'><strong>aestimationem</strong></span> 
     </span>
    </p>
   </div>
   <div class='ocr_carea' id='block_1_20' title="bbox 170 841 1789 877">
    <p class='ocr_par' dir='ltr' id='par_1_20' title="bbox 170 841 1789 877">
     <span class='ocr_line' id='line_1_21' title="bbox 170 841 1789 877; baseline 0.001 -10"><span class='ocrx_word' id='word_1_267' title='bbox 170 841 221 868; x_wconf 87' lang='lat' dir='ltr'><strong>fuit</strong></span> <span class='ocrx_word' id='word_1_268' title='bbox 233 842 301 877; x_wconf 76' lang='lat'><strong>(27).</strong></span> <span class='ocrx_word' id='word_1_269' title='bbox 321 851 331 868; x_wconf 72' lang='grc' dir='ltr'>ι</span> <span class='ocrx_word' id='word_1_270' title='bbox 350 842 467 869; x_wconf 83' lang='lat' dir='ltr'><strong>Tantum</strong></span> <span class='ocrx_word' id='word_1_271' title='bbox 485 842 558 869; x_wconf 86' lang='lat' dir='ltr'><strong>enim</strong></span> <span class='ocrx_word' id='word_1_272' title='bbox 577 842 632 869; x_wconf 87' lang='lat' dir='ltr'><strong>illic</strong></span> <span class='ocrx_word' id='word_1_273' title='bbox 648 844 689 876; x_wconf 91' lang='lat' dir='ltr'><strong>(ut</strong></span> <span class='ocrx_word' id='word_1_274' title='bbox 705 842 734 870; x_wconf 86' lang='lat' dir='ltr'><strong>S.</strong></span> <span class='ocrx_word' id='word_1_275' title='bbox 751 841 876 869; x_wconf 85' lang='lat' dir='ltr'><strong>Audocui</strong></span> <span class='ocrx_word' id='word_1_276' title='bbox 891 841 981 869; x_wconf 82' lang='lat' dir='ltr'><strong>verbis</strong></span> <span class='ocrx_word' id='word_1_277' title='bbox 997 842 1069 876; x_wconf 88' lang='lat' dir='ltr'><strong>utar)</strong></span> <span class='ocrx_word' id='word_1_278' title='bbox 1087 842 1278 875; x_wconf 85' lang='lat' dir='ltr'><strong>suppeditante</strong></span> <span class='ocrx_word' id='word_1_279' title='bbox 1295 849 1358 876; x_wconf 87' lang='lat' dir='ltr'><strong>rege</strong></span> <span class='ocrx_word' id='word_1_280' title='bbox 1375 849 1452 869; x_wconf 81' lang='lat' dir='ltr'><strong>suam</strong></span> <span class='ocrx_word' id='word_1_281' title='bbox 1471 842 1596 869; x_wconf 76' lang='lat' dir='ltr'><strong>exercuit</strong></span> <span class='ocrx_word' id='word_1_282' title='bbox 1611 842 1789 874; x_wconf 74' lang='lat' dir='ltr'><strong>industriam,</strong></span> 
     </span>
    </p>
   </div>
   <div class='ocr_carea' id='block_1_21' title="bbox 173 876 1790 913">
    <p class='ocr_par' dir='ltr' id='par_1_21' title="bbox 173 876 1790 913">
     <span class='ocr_line' id='line_1_22' title="bbox 173 876 1790 913; baseline 0.001 -11"><span class='ocrx_word' id='word_1_283' title='bbox 173 881 257 911; x_wconf 86' lang='lat' dir='ltr'><strong>atque</strong></span> <span class='ocrx_word' id='word_1_284' title='bbox 273 879 310 904; x_wconf 91' lang='lat' dir='ltr'><strong>ita</strong></span> <span class='ocrx_word' id='word_1_285' title='bbox 325 885 402 904; x_wconf 87' lang='lat' dir='ltr'><strong>suum</strong></span> <span class='ocrx_word' id='word_1_286' title='bbox 415 877 565 904; x_wconf 72' lang='lat' dir='ltr'><strong>declaravit</strong></span> <span class='ocrx_word' id='word_1_287' title='bbox 581 878 717 913; x_wconf 75' lang='lat' dir='ltr'><strong>ingenium</strong></span> <span class='ocrx_word' id='word_1_288' title='bbox 731 883 760 904; x_wconf 90' lang='lat' dir='ltr'><strong>et</strong></span> <span class='ocrx_word' id='word_1_289' title='bbox 771 877 929 908; x_wconf 83' lang='lat' dir='ltr'><strong>artificium,</strong></span> <span class='ocrx_word' id='word_1_290' title='bbox 941 882 969 904; x_wconf 92' lang='lat' dir='ltr'><strong>ut</strong></span> <span class='ocrx_word' id='word_1_291' title='bbox 981 884 1050 911; x_wconf 90' lang='lat' dir='ltr'><strong>pene</strong></span> <span class='ocrx_word' id='word_1_292' title='bbox 1061 876 1198 912; x_wconf 87' lang='lat' dir='ltr'><strong>singulare</strong></span> <span class='ocrx_word' id='word_1_293' title='bbox 1208 877 1245 904; x_wconf 87' lang='lat' dir='ltr'><strong>sit</strong></span> <span class='ocrx_word' id='word_1_294' title='bbox 1256 878 1283 904; x_wconf 90' lang='lat' dir='ltr'><strong>in</strong></span> <span class='ocrx_word' id='word_1_295' title='bbox 1295 877 1389 906; x_wconf 84' lang='lat' dir='ltr'><strong>Galliis</strong></span> <span class='ocrx_word' id='word_1_296' title='bbox 1400 881 1601 909; x_wconf 81' lang='lat' dir='ltr'><strong>ornamentum,</strong></span> <span class='ocrx_word' id='word_1_297' title='bbox 1613 881 1641 904; x_wconf 91' lang='lat' dir='ltr'><strong>et</strong></span> <span class='ocrx_word' id='word_1_298' title='bbox 1651 878 1679 903; x_wconf 90' lang='lat' dir='ltr'><strong>in</strong></span> <span class='ocrx_word' id='word_1_299' title='bbox 1690 884 1790 912; x_wconf 74' lang='lat' dir='ltr'><strong>magna</strong></span> 
     </span>
    </p>
   </div>
   <div class='ocr_carea' id='block_1_22' title="bbox 169 912 934 947">
    <p class='ocr_par' dir='ltr' id='par_1_22' title="bbox 169 912 934 947">
     <span class='ocr_line' id='line_1_23' title="bbox 169 912 934 947; baseline 0 -9"><span class='ocrx_word' id='word_1_300' title='bbox 169 912 293 947; x_wconf 84' lang='lat' dir='ltr'><strong>omnium</strong></span> <span class='ocrx_word' id='word_1_301' title='bbox 309 912 490 940; x_wconf 80' lang='lat' dir='ltr'><strong>admiratione</strong></span> <span class='ocrx_word' id='word_1_302' title='bbox 503 920 588 947; x_wconf 86' lang='lat' dir='ltr'><strong>usque</strong></span> <span class='ocrx_word' id='word_1_303' title='bbox 603 912 628 939; x_wconf 85' lang='lat' dir='ltr'><strong>in</strong></span> <span class='ocrx_word' id='word_1_304' title='bbox 646 913 806 939; x_wconf 80' lang='lat' dir='ltr'><strong>hodiernum</strong></span> <span class='ocrx_word' id='word_1_305' title='bbox 823 913 906 939; x_wconf 89' lang='lat' dir='ltr'><strong>diem.</strong></span> <span class='ocrx_word' id='word_1_306' title='bbox 924 921 934 937; x_wconf 69' lang='grc' dir='ltr'><strong><em>ρ</em></strong></span> 
     </span>
    </p>
   </div>
   <div class='ocr_carea' id='block_1_23' title="bbox 209 945 1792 983">
    <p class='ocr_par' dir='ltr' id='par_1_23' title="bbox 209 945 1792 983">
     <span class='ocr_line' id='line_1_24' title="bbox 209 945 1792 983; baseline 0 -9"><span class='ocrx_word' id='word_1_307' title='bbox 209 946 290 983; x_wconf 79' lang='lat'><strong>525</strong></span> <span class='ocrx_word' id='word_1_308' title='bbox 304 947 399 974; x_wconf 78' lang='lat' dir='ltr'><strong>Liceat</strong></span> <span class='ocrx_word' id='word_1_309' title='bbox 415 948 480 974; x_wconf 85' lang='lat' dir='ltr'><strong>milii</strong></span> <span class='ocrx_word' id='word_1_310' title='bbox 497 949 523 974; x_wconf 90' lang='lat' dir='ltr'><strong>in</strong></span> <span class='ocrx_word' id='word_1_311' title='bbox 542 945 639 975; x_wconf 73' lang='lat' dir='ltr'><strong>horum</strong></span> <span class='ocrx_word' id='word_1_312' title='bbox 659 955 788 974; x_wconf 78' lang='lat' dir='ltr'><strong>coronam</strong></span> <span class='ocrx_word' id='word_1_313' title='bbox 809 951 989 983; x_wconf 65' lang='lat' dir='ltr'><strong>Sanctorum,</strong></span> <span class='ocrx_word' id='word_1_314' title='bbox 1003 946 1049 983; x_wconf 93' lang='lat' dir='ltr'><strong>qu_i</strong></span> <span class='ocrx_word' id='word_1_315' title='bbox 1070 945 1100 972; x_wconf 92' lang='lat' dir='ltr'><strong>S.</strong></span> <span class='ocrx_word' id='word_1_316' title='bbox 1118 945 1245 983; x_wconf 68' lang='lat' dir='ltr'><strong>Dionysii</strong></span> <span class='ocrx_word' id='word_1_317' title='bbox 1259 946 1354 982; x_wconf 66' lang='lat' dir='ltr'><strong>gloria</strong></span> <span class='ocrx_word' id='word_1_318' title='bbox 1375 950 1404 974; x_wconf 88' lang='lat' dir='ltr'><strong>et</strong></span> <span class='ocrx_word' id='word_1_319' title='bbox 1422 946 1520 974; x_wconf 92' lang='lat' dir='ltr'><strong>honori</strong></span> <span class='ocrx_word' id='word_1_320' title='bbox 1544 946 1723 983; x_wconf 76' lang='lat' dir='ltr'><strong>studuerunt,</strong></span> <span class='ocrx_word' id='word_1_321' title='bbox 1740 951 1792 983; x_wconf 82' lang='lat' dir='ltr'><strong>aut</strong></span> 
     </span>
    </p>
   </div>
   <div class='ocr_carea' id='block_1_24' title="bbox 170 980 1794 1018">
    <p class='ocr_par' dir='ltr' id='par_1_24' title="bbox 170 980 1794 1018">
     <span class='ocr_line' id='line_1_25' title="bbox 170 980 1794 1018; baseline -0.001 -9"><span class='ocrx_word' id='word_1_322' title='bbox 170 980 310 1010; x_wconf 57' lang='lat' dir='ltr'><strong>sacrfiila</strong></span> <span class='ocrx_word' id='word_1_323' title='bbox 326 983 384 1008; x_wconf 89' lang='lat' dir='ltr'><strong>loca</strong></span> <span class='ocrx_word' id='word_1_324' title='bbox 401 983 554 1018; x_wconf 77' lang='lat' dir='ltr'><strong>coluerunt.</strong></span> <span class='ocrx_word' id='word_1_325' title='bbox 569 983 652 1010; x_wconf 79' lang='lat' dir='ltr'><strong>etiam</strong></span> <span class='ocrx_word' id='word_1_326' title='bbox 669 983 698 1011; x_wconf 84' lang='lat' dir='ltr'><strong>S.</strong></span> <span class='ocrx_word' id='word_1_327' title='bbox 712 983 845 1018; x_wconf 84' lang='lat' dir='ltr'><strong>lgnatium</strong></span> <span class='ocrx_word' id='word_1_328' title='bbox 864 982 1016 1018; x_wconf 70' lang='lat' dir='ltr'><strong>societatis</strong></span> <span class='ocrx_word' id='word_1_329' title='bbox 1029 980 1094 1018; x_wconf 57' lang='lat' dir='ltr'><strong>iesu</strong></span> <span class='ocrx_word' id='word_1_330' title='bbox 1116 981 1171 1018; x_wconf 88' lang='lat' dir='ltr'><strong>Deo</strong></span> <span class='ocrx_word' id='word_1_331' title='bbox 1194 980 1272 1009; x_wconf 68' lang='lat' dir='ltr'><strong>ducti</strong></span> <span class='ocrx_word' id='word_1_332' title='bbox 1281 987 1423 1009; x_wconf 80' lang='lat' dir='ltr'><strong>auctorem</strong></span> <span class='ocrx_word' id='word_1_333' title='bbox 1442 986 1526 1016; x_wconf 85' lang='lat' dir='ltr'><strong>atque</strong></span> <span class='ocrx_word' id='word_1_334' title='bbox 1546 981 1732 1018; x_wconf 79' lang='lat' dir='ltr'><strong>laudatorem</strong></span> <span class='ocrx_word' id='word_1_335' title='bbox 1744 982 1794 1009; x_wconf 86' lang='lat' dir='ltr'><strong>irt-</strong></span> 
     </span>
    </p>
   </div>
   <div class='ocr_carea' id='block_1_25' title="bbox 168 1016 1798 1050">
    <p class='ocr_par' dir='ltr' id='par_1_25' title="bbox 168 1016 1798 1050">
     <span class='ocr_line' id='line_1_26' title="bbox 168 1016 1798 1050; baseline 0 -7"><span class='ocrx_word' id='word_1_336' title='bbox 168 1018 292 1044; x_wconf 87' lang='lat' dir='ltr'><strong>cludere.</strong></span> <span class='ocrx_word' id='word_1_337' title='bbox 309 1018 333 1045; x_wconf 94' lang='lat' dir='ltr'><strong>Is</strong></span> <span class='ocrx_word' id='word_1_338' title='bbox 353 1018 426 1044; x_wconf 86' lang='lat' dir='ltr'><strong>enim</strong></span> <span class='ocrx_word' id='word_1_339' title='bbox 444 1017 556 1045; x_wconf 79' lang='lat' dir='ltr'><strong>Parisiis</strong></span> <span class='ocrx_word' id='word_1_340' title='bbox 570 1025 631 1044; x_wconf 93' lang='lat' dir='ltr'><strong>cum</strong></span> <span class='ocrx_word' id='word_1_341' title='bbox 646 1016 779 1049; x_wconf 80' lang='lat' dir='ltr'><strong>studeret,</strong></span> <span class='ocrx_word' id='word_1_342' title='bbox 792 1021 821 1044; x_wconf 85' lang='lat' dir='ltr'><strong>et</strong></span> <span class='ocrx_word' id='word_1_343' title='bbox 833 1017 972 1045; x_wconf 86' lang='lat' dir='ltr'><strong>nonnullis</strong></span> <span class='ocrx_word' id='word_1_344' title='bbox 985 1016 1037 1044; x_wconf 87' lang='lat' dir='ltr'><strong>sibi</strong></span> <span class='ocrx_word' id='word_1_345' title='bbox 1050 1016 1187 1050; x_wconf 85' lang='lat' dir='ltr'><strong>adjunctis</strong></span> <span class='ocrx_word' id='word_1_346' title='bbox 1202 1018 1286 1044; x_wconf 85' lang='lat' dir='ltr'><strong>sociis</strong></span> <span class='ocrx_word' id='word_1_347' title='bbox 1301 1022 1374 1044; x_wconf 89' lang='lat' dir='ltr'><strong>totus</strong></span> <span class='ocrx_word' id='word_1_348' title='bbox 1388 1017 1422 1043; x_wconf 91' lang='lat' dir='ltr'><strong>ad</strong></span> <span class='ocrx_word' id='word_1_349' title='bbox 1439 1024 1482 1044; x_wconf 88' lang='lat' dir='ltr'><strong>res</strong></span> <span class='ocrx_word' id='word_1_350' title='bbox 1499 1024 1611 1050; x_wconf 87' lang='lat' dir='ltr'><strong>magnas</strong></span> <span class='ocrx_word' id='word_1_351' title='bbox 1626 1023 1660 1044; x_wconf 88' lang='lat' dir='ltr'><strong>ac</strong></span> <span class='ocrx_word' id='word_1_352' title='bbox 1677 1017 1798 1045; x_wconf 44' lang='lat' dir='ltr'><strong>divinas.</strong></span> 
     </span>
    </p>
   </div>
   <div class='ocr_carea' id='block_1_26' title="bbox 170 1051 1791 1087">
    <p class='ocr_par' dir='ltr' id='par_1_26' title="bbox 170 1051 1791 1087">
     <span class='ocr_line' id='line_1_27' title="bbox 170 1051 1791 1087; baseline 0 -9"><span class='ocrx_word' id='word_1_353' title='bbox 170 1054 317 1087; x_wconf 80' lang='lat' dir='ltr'><strong>aspiraret,</strong></span> <span class='ocrx_word' id='word_1_354' title='bbox 335 1053 443 1080; x_wconf 87' lang='lat' dir='ltr'><strong>tandem</strong></span> <span class='ocrx_word' id='word_1_355' title='bbox 460 1061 533 1079; x_wconf 92' lang='lat' dir='ltr'><strong>anno</strong></span> <span class='ocrx_word' id='word_1_356' title='bbox 552 1053 661 1080; x_wconf 85' lang='lat' dir='ltr'><strong>Domini</strong></span> <span class='ocrx_word' id='word_1_357' title='bbox 683 1053 828 1079; x_wconf 88' lang='lat' dir='ltr'><strong>millesimo</strong></span> <span class='ocrx_word' id='word_1_358' title='bbox 843 1052 1062 1087; x_wconf 82' lang='lat' dir='ltr'><strong>quingentesimo</strong></span> <span class='ocrx_word' id='word_1_359' title='bbox 1081 1052 1221 1079; x_wconf 86' lang='lat' dir='ltr'><strong>tricesimo</strong></span> <span class='ocrx_word' id='word_1_360' title='bbox 1235 1058 1348 1086; x_wconf 88' lang='lat' dir='ltr'><strong>quarto,</strong></span> <span class='ocrx_word' id='word_1_361' title='bbox 1364 1059 1426 1079; x_wconf 91' lang='lat' dir='ltr'><strong>cum</strong></span> <span class='ocrx_word' id='word_1_362' title='bbox 1443 1052 1609 1079; x_wconf 86' lang='lat' dir='ltr'><strong>instituenda</strong></span> <span class='ocrx_word' id='word_1_363' title='bbox 1628 1051 1791 1079; x_wconf 83' lang='lat' dir='ltr'><strong>formanda-</strong></span> 
     </span>
    </p>
   </div>
   <div class='ocr_carea' id='block_1_27' title="bbox 168 1087 1791 1122">
    <p class='ocr_par' dir='ltr' id='par_1_27' title="bbox 168 1087 1791 1122">
     <span class='ocr_line' id='line_1_28' title="bbox 168 1087 1791 1122; baseline -0.001 -8"><span class='ocrx_word' id='word_1_364' title='bbox 168 1095 222 1121; x_wconf 88' lang='lat' dir='ltr'><strong>que</strong></span> <span class='ocrx_word' id='word_1_365' title='bbox 238 1088 412 1122; x_wconf 78' lang='lat' dir='ltr'><strong>perfectioris</strong></span> <span class='ocrx_word' id='word_1_366' title='bbox 431 1088 493 1115; x_wconf 73' lang='lat' dir='ltr'><strong>vita:</strong></span> <span class='ocrx_word' id='word_1_367' title='bbox 511 1088 600 1119; x_wconf 84' lang='lat' dir='ltr'><strong>initia,</strong></span> <span class='ocrx_word' id='word_1_368' title='bbox 619 1094 647 1114; x_wconf 91' lang='lat' dir='ltr'><strong>et</strong></span> <span class='ocrx_word' id='word_1_369' title='bbox 665 1090 788 1122; x_wconf 65' lang='lat' dir='ltr'><strong>quaedam</strong></span> <span class='ocrx_word' id='word_1_370' title='bbox 805 1088 879 1114; x_wconf 87' lang='lat' dir='ltr'><strong>velut</strong></span> <span class='ocrx_word' id='word_1_371' title='bbox 897 1088 1001 1114; x_wconf 86' lang='lat' dir='ltr'><strong>semina</strong></span> <span class='ocrx_word' id='word_1_372' title='bbox 1017 1087 1115 1114; x_wconf 65' lang='lat' dir='ltr'><strong>futurae</strong></span> <span class='ocrx_word' id='word_1_373' title='bbox 1125 1088 1270 1122; x_wconf 78' lang='lat' dir='ltr'><strong>societatis</strong></span> <span class='ocrx_word' id='word_1_374' title='bbox 1282 1087 1406 1114; x_wconf 85' lang='lat' dir='ltr'><strong>facienda</strong></span> <span class='ocrx_word' id='word_1_375' title='bbox 1428 1088 1600 1122; x_wconf 86' lang='lat' dir='ltr'><strong>concepisset</strong></span> <span class='ocrx_word' id='word_1_376' title='bbox 1614 1087 1719 1120; x_wconf 85' lang='lat' dir='ltr'><strong>animo,</strong></span> <span class='ocrx_word' id='word_1_377' title='bbox 1733 1094 1791 1113; x_wconf 91' lang='lat' dir='ltr'><strong>non</strong></span> 
     </span>
    </p>
   </div>
   <div class='ocr_carea' id='block_1_28' title="bbox 169 1121 1790 1158">
    <p class='ocr_par' dir='ltr' id='par_1_28' title="bbox 169 1121 1790 1158">
     <span class='ocr_line' id='line_1_29' title="bbox 169 1121 1790 1158; baseline 0 -10"><span class='ocrx_word' id='word_1_378' title='bbox 169 1121 254 1149; x_wconf 87' lang='lat' dir='ltr'><strong>alium</strong></span> <span class='ocrx_word' id='word_1_379' title='bbox 271 1124 304 1150; x_wconf 87' lang='lat' dir='ltr'><strong>ad</strong></span> <span class='ocrx_word' id='word_1_380' title='bbox 321 1124 378 1151; x_wconf 68' lang='lat' dir='ltr'><strong>haec</strong></span> <span class='ocrx_word' id='word_1_381' title='bbox 398 1124 476 1150; x_wconf 87' lang='lat' dir='ltr'><strong>beata</strong></span> <span class='ocrx_word' id='word_1_382' title='bbox 494 1123 630 1158; x_wconf 91' lang='lat' dir='ltr'><strong>principia</strong></span> <span class='ocrx_word' id='word_1_383' title='bbox 648 1121 862 1150; x_wconf 85' lang='lat' dir='ltr'><strong>commodiorem</strong></span> <span class='ocrx_word' id='word_1_384' title='bbox 878 1123 1108 1158; x_wconf 17' lang='lat' dir='ltr'><strong>autrsainctiorem</strong></span> <span class='ocrx_word' id='word_1_385' title='bbox 1125 1121 1214 1149; x_wconf 91' lang='lat' dir='ltr'><strong>locum</strong></span> <span class='ocrx_word' id='word_1_386' title='bbox 1235 1130 1296 1150; x_wconf 87' lang='lat' dir='ltr'><strong>esse</strong></span> <span class='ocrx_word' id='word_1_387' title='bbox 1309 1122 1457 1157; x_wconf 76' lang='lat' dir='ltr'><strong>judicavit,</strong></span> <span class='ocrx_word' id='word_1_388' title='bbox 1472 1121 1557 1157; x_wconf 83' lang='lat' dir='ltr'><strong>quam</strong></span> <span class='ocrx_word' id='word_1_389' title='bbox 1571 1122 1690 1149; x_wconf 87' lang='lat' dir='ltr'><strong>vicinum</strong></span> <span class='ocrx_word' id='word_1_390' title='bbox 1708 1122 1790 1149; x_wconf 84' lang='lat' dir='ltr'><strong>Pari-</strong></span> 
     </span>
    </p>
   </div>
   <div class='ocr_carea' id='block_1_29' title="bbox 169 1157 1791 1193">
    <p class='ocr_par' dir='ltr' id='par_1_29' title="bbox 169 1157 1791 1193">
     <span class='ocr_line' id='line_1_30' title="bbox 169 1157 1791 1193; baseline 0.001 -10"><span class='ocrx_word' id='word_1_391' title='bbox 169 1158 219 1184; x_wconf 83' lang='lat' dir='ltr'><strong>siis</strong></span> <span class='ocrx_word' id='word_1_392' title='bbox 240 1163 359 1185; x_wconf 88' lang='lat' dir='ltr'><strong>montem</strong></span> <span class='ocrx_word' id='word_1_393' title='bbox 379 1157 543 1193; x_wconf 82' lang='lat' dir='ltr'><strong>Martyrum,</strong></span> <span class='ocrx_word' id='word_1_394' title='bbox 565 1159 617 1184; x_wconf 88' lang='lat' dir='ltr'><strong>ltoc</strong></span> <span class='ocrx_word' id='word_1_395' title='bbox 633 1164 675 1186; x_wconf 91' lang='lat' dir='ltr'><strong>est</strong></span> <span class='ocrx_word' id='word_1_396' title='bbox 690 1161 808 1184; x_wconf 87' lang='lat' dir='ltr'><strong>montem</strong></span> <span class='ocrx_word' id='word_1_397' title='bbox 828 1157 903 1184; x_wconf 92' lang='lat' dir='ltr'><strong>illum</strong></span> <span class='ocrx_word' id='word_1_398' title='bbox 923 1157 953 1185; x_wconf 86' lang='lat' dir='ltr'><strong>S.</strong></span> <span class='ocrx_word' id='word_1_399' title='bbox 969 1157 1092 1192; x_wconf 88' lang='lat' dir='ltr'><strong>Dionysii</strong></span> <span class='ocrx_word' id='word_1_400' title='bbox 1107 1162 1135 1184; x_wconf 93' lang='lat' dir='ltr'><strong>et</strong></span> <span class='ocrx_word' id='word_1_401' title='bbox 1151 1157 1267 1184; x_wconf 86' lang='lat' dir='ltr'><strong>aliorum</strong></span> <span class='ocrx_word' id='word_1_402' title='bbox 1285 1162 1437 1192; x_wconf 74' lang='lat' dir='ltr'><strong>martyrum</strong></span> <span class='ocrx_word' id='word_1_403' title='bbox 1455 1163 1555 1184; x_wconf 89' lang='lat' dir='ltr'><strong>cruore</strong></span> <span class='ocrx_word' id='word_1_404' title='bbox 1573 1163 1766 1185; x_wconf 85' lang='lat' dir='ltr'><strong>consecratum</strong></span> <span class='ocrx_word' id='word_1_405' title='bbox 1781 1165 1791 1184; x_wconf 91' lang='lat'><em>:</em></span> 
     </span>
    </p>
   </div>
   <div class='ocr_carea' id='block_1_30' title="bbox 171 1192 1791 1228">
    <p class='ocr_par' dir='ltr' id='par_1_30' title="bbox 171 1192 1791 1228">
     <span class='ocr_line' id='line_1_31' title="bbox 171 1192 1791 1228; baseline 0 -9"><span class='ocrx_word' id='word_1_406' title='bbox 171 1193 236 1219; x_wconf 90' lang='lat' dir='ltr'><strong>illuc</strong></span> <span class='ocrx_word' id='word_1_407' title='bbox 251 1193 367 1227; x_wconf 84' lang='lat' dir='ltr'><strong>proinde</strong></span> <span class='ocrx_word' id='word_1_408' title='bbox 381 1192 497 1220; x_wconf 86' lang='lat' dir='ltr'><strong>solemni</strong></span> <span class='ocrx_word' id='word_1_409' title='bbox 513 1194 668 1228; x_wconf 73' lang='lat' dir='ltr'><strong>Assumptze</strong></span> <span class='ocrx_word' id='word_1_410' title='bbox 682 1194 801 1228; x_wconf 78' lang='lat' dir='ltr'><strong>Virginis</strong></span> <span class='ocrx_word' id='word_1_411' title='bbox 814 1193 859 1220; x_wconf 91' lang='lat' dir='ltr'><strong>die</strong></span> <span class='ocrx_word' id='word_1_412' title='bbox 879 1194 972 1227; x_wconf 82' lang='lat' dir='ltr'><strong>(quant</strong></span> <span class='ocrx_word' id='word_1_413' title='bbox 988 1192 1155 1227; x_wconf 72' lang='lat' dir='ltr'><strong>prtecipuattt</strong></span> <span class='ocrx_word' id='word_1_414' title='bbox 1169 1193 1220 1220; x_wconf 84' lang='lat' dir='ltr'><strong>sibi</strong></span> <span class='ocrx_word' id='word_1_415' title='bbox 1234 1193 1304 1227; x_wconf 89' lang='lat' dir='ltr'><strong>apud</strong></span> <span class='ocrx_word' id='word_1_416' title='bbox 1316 1193 1400 1220; x_wconf 83' lang='lat' dir='ltr'><strong>Deum</strong></span> <span class='ocrx_word' id='word_1_417' title='bbox 1414 1196 1558 1227; x_wconf 87' lang='lat' dir='ltr'><strong>patronam</strong></span> <span class='ocrx_word' id='word_1_418' title='bbox 1573 1193 1664 1219; x_wconf 85' lang='lat' dir='ltr'><strong>cuncti</strong></span> <span class='ocrx_word' id='word_1_419' title='bbox 1680 1193 1791 1228; x_wconf 50' lang='lat' dir='ltr'><strong>ascivef</strong></span> 
     </span>
    </p>
   </div>
   <div class='ocr_carea' id='block_1_31' title="bbox 170 1227 1801 1262">
    <p class='ocr_par' dir='ltr' id='par_1_31' title="bbox 170 1227 1801 1262">
     <span class='ocr_line' id='line_1_32' title="bbox 170 1227 1801 1262; baseline 0 -8"><span class='ocrx_word' id='word_1_420' title='bbox 170 1229 242 1262; x_wconf 86' lang='lat' dir='ltr'><strong>rant)</strong></span> <span class='ocrx_word' id='word_1_421' title='bbox 263 1229 448 1255; x_wconf 87' lang='lat' dir='ltr'><strong>communiter</strong></span> <span class='ocrx_word' id='word_1_422' title='bbox 462 1227 623 1255; x_wconf 79' lang='lat' dir='ltr'><strong>adeundum</strong></span> <span class='ocrx_word' id='word_1_423' title='bbox 637 1234 814 1260; x_wconf 78' lang='lat' dir='ltr'><strong>censuerunt,</strong></span> <span class='ocrx_word' id='word_1_424' title='bbox 839 1228 877 1255; x_wconf 89' lang='lat' dir='ltr'><strong>ibi</strong></span> <span class='ocrx_word' id='word_1_425' title='bbox 898 1232 1002 1254; x_wconf 84' lang='lat' dir='ltr'><strong>tantam</strong></span> <span class='ocrx_word' id='word_1_426' title='bbox 1020 1228 1210 1255; x_wconf 85' lang='lat' dir='ltr'><strong>celebritatem</strong></span> <span class='ocrx_word' id='word_1_427' title='bbox 1229 1235 1284 1262; x_wconf 87' lang='lat' dir='ltr'><strong>qua</strong></span> <span class='ocrx_word' id='word_1_428' title='bbox 1303 1233 1416 1262; x_wconf 83' lang='lat' dir='ltr'><strong>possent</strong></span> <span class='ocrx_word' id='word_1_429' title='bbox 1440 1227 1543 1261; x_wconf 89' lang='lat' dir='ltr'><strong>pietate</strong></span> <span class='ocrx_word' id='word_1_430' title='bbox 1558 1228 1732 1262; x_wconf 74' lang='lat' dir='ltr'><strong>exigendam,</strong></span> <span class='ocrx_word' id='word_1_431' title='bbox 1751 1227 1801 1254; x_wconf 60' lang='lat' dir='ltr'><strong>ibin</strong></span> 
     </span>
    </p>
   </div>
   <div class='ocr_carea' id='block_1_32' title="bbox 168 1262 1794 1299">
    <p class='ocr_par' dir='ltr' id='par_1_32' title="bbox 168 1262 1794 1299">
     <span class='ocr_line' id='line_1_33' title="bbox 168 1262 1794 1299; baseline -0.001 -10"><span class='ocrx_word' id='word_1_432' title='bbox 168 1270 263 1290; x_wconf 89' lang='lat' dir='ltr'><strong>corum</strong></span> <span class='ocrx_word' id='word_1_433' title='bbox 277 1270 338 1299; x_wconf 67' lang='lat' dir='ltr'><strong>qua;</strong></span> <span class='ocrx_word' id='word_1_434' title='bbox 354 1263 388 1290; x_wconf 85' lang='lat' dir='ltr'><strong>ad</strong></span> <span class='ocrx_word' id='word_1_435' title='bbox 402 1264 449 1299; x_wconf 79' lang='lat' dir='ltr'><strong>Dei</strong></span> <span class='ocrx_word' id='word_1_436' title='bbox 467 1263 585 1299; x_wconf 80' lang='lat' dir='ltr'><strong>gratiam</strong></span> <span class='ocrx_word' id='word_1_437' title='bbox 600 1267 627 1290; x_wconf 82' lang='lat' dir='ltr'><strong>et</strong></span> <span class='ocrx_word' id='word_1_438' title='bbox 641 1264 757 1299; x_wconf 68' lang='lat' dir='ltr'><strong>fratrum</strong></span> <span class='ocrx_word' id='word_1_439' title='bbox 777 1264 898 1299; x_wconf 78' lang='lat' dir='ltr'><strong>salutent</strong></span> <span class='ocrx_word' id='word_1_440' title='bbox 913 1267 1098 1297; x_wconf 85' lang='lat' dir='ltr'><strong>conceperant</strong></span> <span class='ocrx_word' id='word_1_441' title='bbox 1115 1268 1176 1299; x_wconf 82' lang='lat' dir='ltr'><strong>vota</strong></span> <span class='ocrx_word' id='word_1_442' title='bbox 1197 1262 1396 1299; x_wconf 71' lang='lat' dir='ltr'><strong>nuncupanda.&quot;</strong></span> <span class='ocrx_word' id='word_1_443' title='bbox 1408 1263 1442 1290; x_wconf 88' lang='lat' dir='ltr'><strong>Et</strong></span> <span class='ocrx_word' id='word_1_444' title='bbox 1456 1270 1562 1299; x_wconf 86' lang='lat' dir='ltr'><strong>summa</strong></span> <span class='ocrx_word' id='word_1_445' title='bbox 1578 1263 1689 1299; x_wconf 83' lang='lat' dir='ltr'><strong>quidem</strong></span> <span class='ocrx_word' id='word_1_446' title='bbox 1714 1268 1794 1289; x_wconf 86' lang='lat' dir='ltr'><strong>voto—</strong></span> 
     </span>
    </p>
   </div>
   <div class='ocr_carea' id='block_1_33' title="bbox 169 1297 1792 1333">
    <p class='ocr_par' dir='ltr' id='par_1_33' title="bbox 169 1297 1792 1333">
     <span class='ocr_line' id='line_1_34' title="bbox 169 1297 1792 1333; baseline 0 -9"><span class='ocrx_word' id='word_1_447' title='bbox 169 1306 229 1324; x_wconf 91' lang='lat' dir='ltr'><strong>rum</strong></span> <span class='ocrx_word' id='word_1_448' title='bbox 249 1297 306 1325; x_wconf 60' lang='lat' dir='ltr'><strong>hajc</strong></span> <span class='ocrx_word' id='word_1_449' title='bbox 321 1298 374 1325; x_wconf 91' lang='lat' dir='ltr'><strong>fuit</strong></span> <span class='ocrx_word' id='word_1_450' title='bbox 388 1306 396 1326; x_wconf 87' lang='lat'><strong>:</strong></span> <span class='ocrx_word' id='word_1_451' title='bbox 412 1297 546 1330; x_wconf 83' lang='lat' dir='ltr'><strong>Primum,</strong></span> <span class='ocrx_word' id='word_1_452' title='bbox 563 1303 592 1324; x_wconf 91' lang='lat' dir='ltr'><strong>ut</strong></span> <span class='ocrx_word' id='word_1_453' title='bbox 608 1299 725 1326; x_wconf 86' lang='lat' dir='ltr'><strong>remisso</strong></span> <span class='ocrx_word' id='word_1_454' title='bbox 741 1297 823 1325; x_wconf 83' lang='lat' dir='ltr'><strong>ﬂuxis</strong></span> <span class='ocrx_word' id='word_1_455' title='bbox 839 1297 972 1333; x_wconf 89' lang='lat' dir='ltr'><strong>vanisque</strong></span> <span class='ocrx_word' id='word_1_456' title='bbox 992 1298 1177 1332; x_wconf 81' lang='lat' dir='ltr'><strong>voluptatibus</strong></span> <span class='ocrx_word' id='word_1_457' title='bbox 1196 1297 1302 1330; x_wconf 80' lang='lat' dir='ltr'><strong>nuntio,</strong></span> <span class='ocrx_word' id='word_1_458' title='bbox 1316 1299 1451 1333; x_wconf 75' lang='lat' dir='ltr'><strong>integram</strong></span> <span class='ocrx_word' id='word_1_459' title='bbox 1472 1298 1663 1333; x_wconf 81' lang='lat' dir='ltr'><strong>illibatamque</strong></span> <span class='ocrx_word' id='word_1_460' title='bbox 1680 1298 1707 1324; x_wconf 93' lang='lat' dir='ltr'><strong>in</strong></span> <span class='ocrx_word' id='word_1_461' title='bbox 1724 1305 1792 1332; x_wconf 87' lang='lat' dir='ltr'><strong>per-</strong></span> 
     </span>
    </p>
   </div>
   <div class='ocr_carea' id='block_1_34' title="bbox 168 1332 1790 1368">
    <p class='ocr_par' dir='ltr' id='par_1_34' title="bbox 168 1332 1790 1368">
     <span class='ocr_line' id='line_1_35' title="bbox 168 1332 1790 1368; baseline 0 -10"><span class='ocrx_word' id='word_1_462' title='bbox 168 1338 279 1368; x_wconf 86' lang='lat' dir='ltr'><strong>petuum</strong></span> <span class='ocrx_word' id='word_1_463' title='bbox 300 1333 527 1367; x_wconf 76' lang='lat' dir='ltr'><strong>amplexarentur</strong></span> <span class='ocrx_word' id='word_1_464' title='bbox 550 1334 718 1361; x_wconf 85' lang='lat' dir='ltr'><strong>castitatem.</strong></span> <span class='ocrx_word' id='word_1_465' title='bbox 745 1334 824 1366; x_wconf 90' lang='lat' dir='ltr'><strong>Dein,</strong></span> <span class='ocrx_word' id='word_1_466' title='bbox 846 1337 876 1360; x_wconf 83' lang='lat' dir='ltr'><strong>ut</strong></span> <span class='ocrx_word' id='word_1_467' title='bbox 899 1332 972 1367; x_wconf 83' lang='lat' dir='ltr'><strong>quod</strong></span> <span class='ocrx_word' id='word_1_468' title='bbox 989 1332 1048 1366; x_wconf 84' lang='lat' dir='ltr'><strong>ejus</strong></span> <span class='ocrx_word' id='word_1_469' title='bbox 1071 1333 1129 1359; x_wconf 82' lang='lat' dir='ltr'><strong>fieri</strong></span> <span class='ocrx_word' id='word_1_470' title='bbox 1155 1337 1259 1367; x_wconf 81' lang='lat' dir='ltr'><strong>posset,</strong></span> <span class='ocrx_word' id='word_1_471' title='bbox 1281 1332 1452 1368; x_wconf 76' lang='lat' dir='ltr'><strong>paupertatis</strong></span> <span class='ocrx_word' id='word_1_472' title='bbox 1472 1333 1571 1361; x_wconf 82' lang='lat' dir='ltr'><strong>semita</strong></span> <span class='ocrx_word' id='word_1_473' title='bbox 1595 1332 1790 1366; x_wconf 82' lang='lat' dir='ltr'><strong>graderentur,</strong></span> 
     </span>
    </p>
   </div>
   <div class='ocr_carea' id='block_1_35' title="bbox 167 1368 1793 1404">
    <p class='ocr_par' dir='ltr' id='par_1_35' title="bbox 167 1368 1793 1404">
     <span class='ocr_line' id='line_1_36' title="bbox 167 1368 1793 1404; baseline 0 -10"><span class='ocrx_word' id='word_1_474' title='bbox 167 1375 296 1404; x_wconf 85' lang='lat' dir='ltr'><strong>eamque,</strong></span> <span class='ocrx_word' id='word_1_475' title='bbox 312 1374 427 1404; x_wconf 76' lang='lat' dir='ltr'><strong>excepto</strong></span> <span class='ocrx_word' id='word_1_476' title='bbox 449 1374 503 1395; x_wconf 91' lang='lat' dir='ltr'><strong>tam</strong></span> <span class='ocrx_word' id='word_1_477' title='bbox 519 1369 671 1396; x_wconf 84' lang='lat' dir='ltr'><strong>studiorum</strong></span> <span class='ocrx_word' id='word_1_478' title='bbox 688 1369 760 1404; x_wconf 71' lang='lat' dir='ltr'><strong>(qua:</strong></span> <span class='ocrx_word' id='word_1_479' title='bbox 775 1369 860 1404; x_wconf 82' lang='lat' dir='ltr'><strong>aliqui</strong></span> <span class='ocrx_word' id='word_1_480' title='bbox 885 1369 1000 1396; x_wconf 89' lang='lat' dir='ltr'><strong>necdum</strong></span> <span class='ocrx_word' id='word_1_481' title='bbox 1022 1368 1207 1403; x_wconf 88' lang='lat' dir='ltr'><strong>absolverant)</strong></span> <span class='ocrx_word' id='word_1_482' title='bbox 1229 1376 1311 1402; x_wconf 89' lang='lat' dir='ltr'><strong>quant</strong></span> <span class='ocrx_word' id='word_1_483' title='bbox 1329 1369 1473 1396; x_wconf 74' lang='lat' dir='ltr'><strong>destinat-.2</strong></span> <span class='ocrx_word' id='word_1_484' title='bbox 1494 1369 1528 1395; x_wconf 89' lang='lat' dir='ltr'><strong>ad</strong></span> <span class='ocrx_word' id='word_1_485' title='bbox 1551 1375 1629 1395; x_wconf 87' lang='lat' dir='ltr'><strong>sacra</strong></span> <span class='ocrx_word' id='word_1_486' title='bbox 1648 1368 1793 1403; x_wconf 82' lang='lat' dir='ltr'><strong>Jerosoly-</strong></span> 
     </span>
    </p>
   </div>
   <div class='ocr_carea' id='block_1_36' title="bbox 168 1403 1800 1439">
    <p class='ocr_par' dir='ltr' id='par_1_36' title="bbox 168 1403 1800 1439">
     <span class='ocr_line' id='line_1_37' title="bbox 168 1403 1800 1439; baseline -0.001 -9"><span class='ocrx_word' id='word_1_487' title='bbox 168 1410 277 1430; x_wconf 78' lang='lat' dir='ltr'><strong>morum</strong></span> <span class='ocrx_word' id='word_1_488' title='bbox 297 1404 357 1431; x_wconf 86' lang='lat' dir='ltr'><strong>ioca</strong></span> <span class='ocrx_word' id='word_1_489' title='bbox 381 1403 614 1439; x_wconf 80' lang='lat' dir='ltr'><strong>peregrinationis</strong></span> <span class='ocrx_word' id='word_1_490' title='bbox 636 1403 759 1439; x_wconf 87' lang='lat' dir='ltr'><strong>tempore</strong></span> <span class='ocrx_word' id='word_1_491' title='bbox 784 1404 910 1439; x_wconf 81' lang='lat' dir='ltr'><strong>gnaviter</strong></span> <span class='ocrx_word' id='word_1_492' title='bbox 929 1408 1104 1439; x_wconf 72' lang='lat' dir='ltr'><strong>sectarentur</strong></span> <span class='ocrx_word' id='word_1_493' title='bbox 1123 1412 1130 1430; x_wconf 91' lang='lat'><strong>:</strong></span> <span class='ocrx_word' id='word_1_494' title='bbox 1153 1411 1205 1430; x_wconf 86' lang='lat' dir='ltr'><strong>neu</strong></span> <span class='ocrx_word' id='word_1_495' title='bbox 1230 1405 1378 1439; x_wconf 77' lang='lat' dir='ltr'><strong>quidquam</strong></span> <span class='ocrx_word' id='word_1_496' title='bbox 1401 1404 1513 1431; x_wconf 90' lang='lat' dir='ltr'><strong>omnino</strong></span> <span class='ocrx_word' id='word_1_497' title='bbox 1529 1411 1578 1438; x_wconf 91' lang='lat' dir='ltr'><strong>pro</strong></span> <span class='ocrx_word' id='word_1_498' title='bbox 1599 1403 1800 1439; x_wconf 72' lang='lat' dir='ltr'><strong>augttstissiuii.</strong></span> 
     </span>
    </p>
   </div>
   <div class='ocr_carea' id='block_1_37' title="bbox 169 1438 1792 1474">
    <p class='ocr_par' dir='ltr' id='par_1_37' title="bbox 169 1438 1792 1474">
     <span class='ocr_line' id='line_1_38' title="bbox 169 1438 1792 1474; baseline 0 -10"><span class='ocrx_word' id='word_1_499' title='bbox 169 1439 300 1466; x_wconf 79' lang='lat' dir='ltr'><strong>sacrificii</strong></span> <span class='ocrx_word' id='word_1_500' title='bbox 318 1438 506 1467; x_wconf 74' lang='lat' dir='ltr'><strong>ceiebratibne</strong></span> <span class='ocrx_word' id='word_1_501' title='bbox 524 1440 622 1472; x_wconf 86' lang='lat' dir='ltr'><strong>quovis</strong></span> <span class='ocrx_word' id='word_1_502' title='bbox 637 1438 774 1474; x_wconf 70' lang='lat' dir='ltr'><strong>praetextu</strong></span> <span class='ocrx_word' id='word_1_503' title='bbox 787 1438 979 1467; x_wconf 74' lang='lat' dir='ltr'><strong>admitterent.</strong></span> <span class='ocrx_word' id='word_1_504' title='bbox 999 1438 1146 1470; x_wconf 60' lang='lat' dir='ltr'><strong>Prmterca,</strong></span> <span class='ocrx_word' id='word_1_505' title='bbox 1164 1443 1194 1464; x_wconf 86' lang='lat' dir='ltr'><strong>ut</strong></span> <span class='ocrx_word' id='word_1_506' title='bbox 1212 1438 1239 1465; x_wconf 91' lang='lat' dir='ltr'><strong>in</strong></span> <span class='ocrx_word' id='word_1_507' title='bbox 1255 1438 1427 1466; x_wconf 77' lang='lat' dir='ltr'><strong>Palzestinam</strong></span> <span class='ocrx_word' id='word_1_508' title='bbox 1443 1440 1476 1465; x_wconf 89' lang='lat' dir='ltr'><strong>ad</strong></span> <span class='ocrx_word' id='word_1_509' title='bbox 1488 1439 1579 1473; x_wconf 80' lang='lat' dir='ltr'><strong>gentis</strong></span> <span class='ocrx_word' id='word_1_510' title='bbox 1593 1438 1652 1472; x_wconf 80' lang='lat' dir='ltr'><strong>ejus</strong></span> <span class='ocrx_word' id='word_1_511' title='bbox 1670 1439 1792 1474; x_wconf 76' lang='lat' dir='ltr'><strong>Salutem</strong></span> 
     </span>
    </p>
   </div>
   <div class='ocr_carea' id='block_1_38' title="bbox 169 1473 1794 1510">
    <p class='ocr_par' dir='ltr' id='par_1_38' title="bbox 169 1473 1794 1510">
     <span class='ocr_line' id='line_1_39' title="bbox 169 1473 1794 1510; baseline -0.001 -10"><span class='ocrx_word' id='word_1_512' title='bbox 169 1474 329 1508; x_wconf 78' lang='lat' dir='ltr'><strong>(siquidem</strong></span> <span class='ocrx_word' id='word_1_513' title='bbox 353 1479 461 1510; x_wconf 86' lang='lat' dir='ltr'><strong>pateret</strong></span> <span class='ocrx_word' id='word_1_514' title='bbox 483 1474 575 1501; x_wconf 81' lang='lat' dir='ltr'><strong>aditus</strong></span> <span class='ocrx_word' id='word_1_515' title='bbox 594 1479 622 1502; x_wconf 88' lang='lat' dir='ltr'><strong>et</strong></span> <span class='ocrx_word' id='word_1_516' title='bbox 637 1473 860 1510; x_wconf 75' lang='lat' dir='ltr'><strong>permitteretur)</strong></span> <span class='ocrx_word' id='word_1_517' title='bbox 876 1479 954 1501; x_wconf 90' lang='lat' dir='ltr'><strong>certo</strong></span> <span class='ocrx_word' id='word_1_518' title='bbox 975 1478 1096 1510; x_wconf 78' lang='lat' dir='ltr'><strong>tempore</strong></span> <span class='ocrx_word' id='word_1_519' title='bbox 1112 1474 1263 1501; x_wconf 89' lang='lat' dir='ltr'><strong>constituto</strong></span> <span class='ocrx_word' id='word_1_520' title='bbox 1282 1475 1362 1501; x_wconf 85' lang='lat' dir='ltr'><strong>simul</strong></span> <span class='ocrx_word' id='word_1_521' title='bbox 1384 1475 1559 1510; x_wconf 81' lang='lat' dir='ltr'><strong>navigarent;</strong></span> <span class='ocrx_word' id='word_1_522' title='bbox 1575 1474 1618 1500; x_wconf 89' lang='lat' dir='ltr'><strong>sin</strong></span> <span class='ocrx_word' id='word_1_523' title='bbox 1637 1474 1739 1505; x_wconf 85' lang='lat' dir='ltr'><strong>minus,</strong></span> <span class='ocrx_word' id='word_1_524' title='bbox 1758 1473 1794 1500; x_wconf 85' lang='lat' dir='ltr'><strong>ad</strong></span> 
     </span>
    </p>
   </div>
   <div class='ocr_carea' id='block_1_39' title="bbox 168 1509 1794 1544">
    <p class='ocr_par' dir='ltr' id='par_1_39' title="bbox 168 1509 1794 1544">
     <span class='ocr_line' id='line_1_40' title="bbox 168 1509 1794 1544; baseline 0 -9"><span class='ocrx_word' id='word_1_525' title='bbox 168 1517 307 1536; x_wconf 78' lang='lat' dir='ltr'><strong>sumntum</strong></span> <span class='ocrx_word' id='word_1_526' title='bbox 323 1509 481 1544; x_wconf 85' lang='lat' dir='ltr'><strong>pontificem</strong></span> <span class='ocrx_word' id='word_1_527' title='bbox 504 1510 622 1542; x_wconf 86' lang='lat' dir='ltr'><strong>adirent,</strong></span> <span class='ocrx_word' id='word_1_528' title='bbox 640 1509 724 1544; x_wconf 80' lang='lat' dir='ltr'><strong>atque</strong></span> <span class='ocrx_word' id='word_1_529' title='bbox 744 1511 779 1537; x_wconf 88' lang='lat' dir='ltr'><strong>ad</strong></span> <span class='ocrx_word' id='word_1_530' title='bbox 792 1509 854 1544; x_wconf 81' lang='lat' dir='ltr'><strong>ejus</strong></span> <span class='ocrx_word' id='word_1_531' title='bbox 873 1509 1002 1543; x_wconf 84' lang='lat' dir='ltr'><strong>prostrati</strong></span> <span class='ocrx_word' id='word_1_532' title='bbox 1022 1517 1109 1543; x_wconf 80' lang='lat' dir='ltr'><strong>genua</strong></span> <span class='ocrx_word' id='word_1_533' title='bbox 1126 1513 1197 1536; x_wconf 82' lang='lat' dir='ltr'><strong>totos</strong></span> <span class='ocrx_word' id='word_1_534' title='bbox 1215 1516 1245 1536; x_wconf 80' lang='lat' dir='ltr'><strong>se</strong></span> <span class='ocrx_word' id='word_1_535' title='bbox 1266 1509 1300 1536; x_wconf 85' lang='lat' dir='ltr'><strong>ad</strong></span> <span class='ocrx_word' id='word_1_536' title='bbox 1325 1510 1445 1536; x_wconf 84' lang='lat' dir='ltr'><strong>fructum</strong></span> <span class='ocrx_word' id='word_1_537' title='bbox 1469 1509 1623 1536; x_wconf 85' lang='lat' dir='ltr'><strong>animarum</strong></span> <span class='ocrx_word' id='word_1_538' title='bbox 1648 1516 1682 1536; x_wconf 76' lang='lat' dir='ltr'><strong>ex</strong></span> <span class='ocrx_word' id='word_1_539' title='bbox 1704 1510 1794 1543; x_wconf 85' lang='lat' dir='ltr'><strong>ipsius</strong></span> 
     </span>
    </p>
   </div>
   <div class='ocr_carea' id='block_1_40' title="bbox 168 1544 1793 1579">
    <p class='ocr_par' dir='ltr' id='par_1_40' title="bbox 168 1544 1793 1579">
     <span class='ocr_line' id='line_1_41' title="bbox 168 1544 1793 1579; baseline 0 -9"><span class='ocrx_word' id='word_1_540' title='bbox 168 1550 237 1571; x_wconf 91' lang='lat' dir='ltr'><strong>nutu</strong></span> <span class='ocrx_word' id='word_1_541' title='bbox 253 1545 423 1579; x_wconf 86' lang='lat' dir='ltr'><strong>arbitrioque</strong></span> <span class='ocrx_word' id='word_1_542' title='bbox 441 1545 613 1572; x_wconf 78' lang='lat' dir='ltr'><strong>dediCareut.</strong></span> <span class='ocrx_word' id='word_1_543' title='bbox 631 1547 696 1578; x_wconf 80' lang='lat' dir='ltr'><strong>Qua:</strong></span> <span class='ocrx_word' id='word_1_544' title='bbox 711 1551 776 1572; x_wconf 86' lang='lat' dir='ltr'><strong>vota</strong></span> <span class='ocrx_word' id='word_1_545' title='bbox 794 1546 900 1572; x_wconf 81' lang='lat' dir='ltr'><strong>duobus</strong></span> <span class='ocrx_word' id='word_1_546' title='bbox 916 1551 1024 1579; x_wconf 87' lang='lat' dir='ltr'><strong>quoque</strong></span> <span class='ocrx_word' id='word_1_547' title='bbox 1040 1544 1120 1571; x_wconf 80' lang='lat' dir='ltr'><strong>annis</strong></span> <span class='ocrx_word' id='word_1_548' title='bbox 1136 1545 1368 1579; x_wconf 85' lang='lat' dir='ltr'><strong>consequentibus</strong></span> <span class='ocrx_word' id='word_1_549' title='bbox 1384 1545 1478 1571; x_wconf 85' lang='lat' dir='ltr'><strong>eodem</strong></span> <span class='ocrx_word' id='word_1_550' title='bbox 1496 1545 1551 1575; x_wconf 87' lang='lat' dir='ltr'><strong>die,</strong></span> <span class='ocrx_word' id='word_1_551' title='bbox 1565 1549 1593 1570; x_wconf 88' lang='lat' dir='ltr'><strong>et</strong></span> <span class='ocrx_word' id='word_1_552' title='bbox 1607 1544 1681 1575; x_wconf 90' lang='lat' dir='ltr'><strong>loco,</strong></span> <span class='ocrx_word' id='word_1_553' title='bbox 1694 1549 1722 1570; x_wconf 90' lang='lat' dir='ltr'><strong>et</strong></span> <span class='ocrx_word' id='word_1_554' title='bbox 1735 1545 1793 1570; x_wconf 89' lang='lat' dir='ltr'><strong>ritu</strong></span> 
     </span>
    </p>
   </div>
   <div class='ocr_carea' id='block_1_41' title="bbox 168 1579 1801 1614">
    <p class='ocr_par' dir='ltr' id='par_1_41' title="bbox 168 1579 1801 1614">
     <span class='ocr_line' id='line_1_42' title="bbox 168 1579 1801 1614; baseline -0.001 -8"><span class='ocrx_word' id='word_1_555' title='bbox 168 1585 347 1607; x_wconf 79' lang='lat' dir='ltr'><strong>renovarunt.</strong></span> <span class='ocrx_word' id='word_1_556' title='bbox 363 1580 430 1613; x_wconf 83' lang='lat' dir='ltr'><strong>Quis</strong></span> <span class='ocrx_word' id='word_1_557' title='bbox 445 1585 534 1606; x_wconf 89' lang='lat' dir='ltr'><strong>autem</strong></span> <span class='ocrx_word' id='word_1_558' title='bbox 556 1579 662 1607; x_wconf 89' lang='lat' dir='ltr'><strong>dubitet</strong></span> <span class='ocrx_word' id='word_1_559' title='bbox 683 1580 749 1614; x_wconf 91' lang='lat' dir='ltr'><strong>quin</strong></span> <span class='ocrx_word' id='word_1_560' title='bbox 768 1581 814 1608; x_wconf 88' lang='lat' dir='ltr'><strong>ille</strong></span> <span class='ocrx_word' id='word_1_561' title='bbox 831 1580 982 1607; x_wconf 82' lang='lat' dir='ltr'><strong>Galliarum</strong></span> <span class='ocrx_word' id='word_1_562' title='bbox 999 1579 1150 1613; x_wconf 85' lang='lat' dir='ltr'><strong>apostolus,</strong></span> <span class='ocrx_word' id='word_1_563' title='bbox 1175 1579 1222 1606; x_wconf 84' lang='lat' dir='ltr'><strong>ille</strong></span> <span class='ocrx_word' id='word_1_564' title='bbox 1241 1579 1392 1606; x_wconf 89' lang='lat' dir='ltr'><strong>instructor</strong></span> <span class='ocrx_word' id='word_1_565' title='bbox 1409 1579 1547 1614; x_wconf 73' lang='lat' dir='ltr'><strong>gentium,</strong></span> <span class='ocrx_word' id='word_1_566' title='bbox 1557 1579 1602 1606; x_wconf 88' lang='lat' dir='ltr'><strong>ille</strong></span> <span class='ocrx_word' id='word_1_567' title='bbox 1628 1580 1663 1607; x_wconf 89' lang='lat' dir='ltr'><strong>ab</strong></span> <span class='ocrx_word' id='word_1_568' title='bbox 1675 1579 1801 1607; x_wconf 73' lang='lat' dir='ltr'><strong>Oriente</strong></span> 
     </span>
    </p>
   </div>
   <div class='ocr_carea' id='block_1_42' title="bbox 168 1614 1792 1651">
    <p class='ocr_par' dir='ltr' id='par_1_42' title="bbox 168 1614 1792 1651">
     <span class='ocr_line' id='line_1_43' title="bbox 168 1614 1792 1651; baseline -0.001 -9"><span class='ocrx_word' id='word_1_569' title='bbox 168 1615 201 1651; x_wconf 75' lang='lat' dir='ltr'><strong>ad</strong></span> <span class='ocrx_word' id='word_1_570' title='bbox 215 1616 391 1643; x_wconf 81' lang='lat' dir='ltr'><strong>Occidentem</strong></span> <span class='ocrx_word' id='word_1_571' title='bbox 409 1615 584 1651; x_wconf 80' lang='lat' dir='ltr'><strong>peregrinus,</strong></span> <span class='ocrx_word' id='word_1_572' title='bbox 605 1622 667 1643; x_wconf 91' lang='lat' dir='ltr'><strong>cum</strong></span> <span class='ocrx_word' id='word_1_573' title='bbox 688 1616 714 1642; x_wconf 92' lang='lat' dir='ltr'><strong>in</strong></span> <span class='ocrx_word' id='word_1_574' title='bbox 732 1616 773 1643; x_wconf 83' lang='lat' dir='ltr'><strong>sui</strong></span> <span class='ocrx_word' id='word_1_575' title='bbox 791 1615 915 1650; x_wconf 91' lang='lat' dir='ltr'><strong>tnartyrii</strong></span> <span class='ocrx_word' id='word_1_576' title='bbox 938 1614 1148 1651; x_wconf 71' lang='lat' dir='ltr'><strong>locoexiguam</strong></span> <span class='ocrx_word' id='word_1_577' title='bbox 1167 1614 1240 1651; x_wconf 86' lang='lat' dir='ltr'><strong>illam</strong></span> <span class='ocrx_word' id='word_1_578' title='bbox 1262 1622 1393 1642; x_wconf 86' lang='lat' dir='ltr'><strong>coronam</strong></span> <span class='ocrx_word' id='word_1_579' title='bbox 1409 1615 1514 1651; x_wconf 77' lang='lat' dir='ltr'><strong>videret</strong></span> <span class='ocrx_word' id='word_1_580' title='bbox 1530 1622 1578 1641; x_wconf 89' lang='lat' dir='ltr'><strong>sua</strong></span> <span class='ocrx_word' id='word_1_581' title='bbox 1602 1622 1650 1649; x_wconf 88' lang='lat' dir='ltr'><strong>per</strong></span> <span class='ocrx_word' id='word_1_582' title='bbox 1672 1614 1792 1648; x_wconf 83' lang='lat' dir='ltr'><strong>vestigia</strong></span> 
     </span>
    </p>
   </div>
   <div class='ocr_carea' id='block_1_43' title="bbox 167 1649 1792 1685">
    <p class='ocr_par' dir='ltr' id='par_1_43' title="bbox 167 1649 1792 1685">
     <span class='ocr_line' id='line_1_44' title="bbox 167 1649 1792 1685; baseline -0.001 -9"><span class='ocrx_word' id='word_1_583' title='bbox 167 1649 297 1685; x_wconf 82' lang='lat' dir='ltr'><strong>incedere</strong></span> <span class='ocrx_word' id='word_1_584' title='bbox 313 1649 503 1682; x_wconf 77' lang='lat' dir='ltr'><strong>meditantem,</strong></span> <span class='ocrx_word' id='word_1_585' title='bbox 526 1658 558 1678; x_wconf 89' lang='lat' dir='ltr'><strong>ac</strong></span> <span class='ocrx_word' id='word_1_586' title='bbox 572 1659 602 1678; x_wconf 84' lang='lat' dir='ltr'><strong>se</strong></span> <span class='ocrx_word' id='word_1_587' title='bbox 619 1653 737 1678; x_wconf 88' lang='lat' dir='ltr'><strong>fratrum</strong></span> <span class='ocrx_word' id='word_1_588' title='bbox 759 1649 871 1678; x_wconf 84' lang='lat' dir='ltr'><strong>suorum</strong></span> <span class='ocrx_word' id='word_1_589' title='bbox 895 1650 922 1677; x_wconf 92' lang='lat' dir='ltr'><strong>in</strong></span> <span class='ocrx_word' id='word_1_590' title='bbox 943 1649 1097 1685; x_wconf 79' lang='lat' dir='ltr'><strong>longinquis</strong></span> <span class='ocrx_word' id='word_1_591' title='bbox 1113 1650 1199 1677; x_wconf 63' lang='lat' dir='ltr'><strong>&quot;terris</strong></span> <span class='ocrx_word' id='word_1_592' title='bbox 1220 1651 1376 1684; x_wconf 81' lang='lat' dir='ltr'><strong>degentium</strong></span> <span class='ocrx_word' id='word_1_593' title='bbox 1393 1649 1474 1676; x_wconf 88' lang='lat' dir='ltr'><strong>saluti</strong></span> <span class='ocrx_word' id='word_1_594' title='bbox 1492 1650 1690 1682; x_wconf 81' lang='lat' dir='ltr'><strong>devoventem;</strong></span> <span class='ocrx_word' id='word_1_595' title='bbox 1715 1656 1792 1683; x_wconf 85' lang='lat' dir='ltr'><strong>quis,</strong></span> 
     </span>
    </p>
   </div>
   <div class='ocr_carea' id='block_1_44' title="bbox 167 1684 1794 1720">
    <p class='ocr_par' dir='ltr' id='par_1_44' title="bbox 167 1684 1794 1720">
     <span class='ocr_line' id='line_1_45' title="bbox 167 1684 1794 1720; baseline 0 -10"><span class='ocrx_word' id='word_1_596' title='bbox 167 1684 292 1720; x_wconf 89' lang='lat' dir='ltr'><strong>inquattt,</strong></span> <span class='ocrx_word' id='word_1_597' title='bbox 306 1686 425 1718; x_wconf 87' lang='lat' dir='ltr'><strong>dubitet,</strong></span> <span class='ocrx_word' id='word_1_598' title='bbox 442 1686 509 1720; x_wconf 87' lang='lat' dir='ltr'><strong>quin</strong></span> <span class='ocrx_word' id='word_1_599' title='bbox 527 1686 575 1713; x_wconf 90' lang='lat' dir='ltr'><strong>ille</strong></span> <span class='ocrx_word' id='word_1_600' title='bbox 594 1693 675 1714; x_wconf 87' lang='lat' dir='ltr'><strong>verus</strong></span> <span class='ocrx_word' id='word_1_601' title='bbox 691 1687 803 1714; x_wconf 89' lang='lat' dir='ltr'><strong>honoris</strong></span> <span class='ocrx_word' id='word_1_602' title='bbox 824 1686 872 1714; x_wconf 84' lang='lat' dir='ltr'><strong>Dei</strong></span> <span class='ocrx_word' id='word_1_603' title='bbox 887 1690 995 1712; x_wconf 87' lang='lat' dir='ltr'><strong>amator</strong></span> <span class='ocrx_word' id='word_1_604' title='bbox 1015 1690 1044 1712; x_wconf 85' lang='lat' dir='ltr'><strong>et.</strong></span> <span class='ocrx_word' id='word_1_605' title='bbox 1066 1685 1211 1712; x_wconf 69' lang='lat' dir='ltr'><strong>aemulator</strong></span> <span class='ocrx_word' id='word_1_606' title='bbox 1230 1686 1345 1712; x_wconf 89' lang='lat' dir='ltr'><strong>multum</strong></span> <span class='ocrx_word' id='word_1_607' title='bbox 1361 1684 1462 1712; x_wconf 85' lang='lat' dir='ltr'><strong>caloris</strong></span> <span class='ocrx_word' id='word_1_608' title='bbox 1486 1684 1658 1720; x_wconf 78' lang='lat' dir='ltr'><strong>multumque</strong></span> <span class='ocrx_word' id='word_1_609' title='bbox 1679 1685 1794 1720; x_wconf 81' lang='lat' dir='ltr'><strong>roboris</strong></span> 
     </span>
    </p>
   </div>
   <div class='ocr_carea' id='block_1_45' title="bbox 167 1719 1799 1755">
    <p class='ocr_par' dir='ltr' id='par_1_45' title="bbox 167 1719 1799 1755">
     <span class='ocr_line' id='line_1_46' title="bbox 167 1719 1799 1755; baseline 0.001 -10"><span class='ocrx_word' id='word_1_610' title='bbox 167 1720 274 1748; x_wconf 63' lang='lat' dir='ltr'><strong>devotae</strong></span> <span class='ocrx_word' id='word_1_611' title='bbox 296 1721 350 1749; x_wconf 87' lang='lat' dir='ltr'><strong>illis</strong></span> <span class='ocrx_word' id='word_1_612' title='bbox 371 1719 502 1749; x_wconf 75' lang='lat' dir='ltr'><strong>novorum</strong></span> <span class='ocrx_word' id='word_1_613' title='bbox 525 1721 695 1749; x_wconf 86' lang='lat' dir='ltr'><strong>athletarum</strong></span> <span class='ocrx_word' id='word_1_614' title='bbox 715 1729 836 1753; x_wconf 76' lang='lat' dir='ltr'><strong>coronae,</strong></span> <span class='ocrx_word' id='word_1_615' title='bbox 857 1726 886 1749; x_wconf 85' lang='lat' dir='ltr'><strong>et</strong></span> <span class='ocrx_word' id='word_1_616' title='bbox 909 1721 944 1747; x_wconf 87' lang='lat' dir='ltr'><strong>ad</strong></span> <span class='ocrx_word' id='word_1_617' title='bbox 971 1721 1156 1755; x_wconf 77' lang='lat' dir='ltr'><strong>promittenda</strong></span> <span class='ocrx_word' id='word_1_618' title='bbox 1174 1726 1202 1748; x_wconf 90' lang='lat' dir='ltr'><strong>et</strong></span> <span class='ocrx_word' id='word_1_619' title='bbox 1228 1721 1261 1747; x_wconf 90' lang='lat' dir='ltr'><strong>ad</strong></span> <span class='ocrx_word' id='word_1_620' title='bbox 1283 1720 1438 1755; x_wconf 66' lang='lat' dir='ltr'><strong>praestanda</strong></span> <span class='ocrx_word' id='word_1_621' title='bbox 1458 1724 1535 1748; x_wconf 84' lang='lat' dir='ltr'><strong>tanta</strong></span> <span class='ocrx_word' id='word_1_622' title='bbox 1554 1719 1711 1752; x_wconf 89' lang='lat' dir='ltr'><strong>molimina,</strong></span> <span class='ocrx_word' id='word_1_623' title='bbox 1732 1719 1799 1746; x_wconf 80' lang='lat' dir='ltr'><strong>suis.</strong></span> 
     </span>
    </p>
   </div>
   <div class='ocr_carea' id='block_1_46' title="bbox 168 1755 1079 1792">
    <p class='ocr_par' dir='ltr' id='par_1_46' title="bbox 168 1755 1079 1792">
     <span class='ocr_line' id='line_1_47' title="bbox 168 1755 1079 1792; baseline -0.001 -9"><span class='ocrx_word' id='word_1_624' title='bbox 168 1757 242 1792; x_wconf 81' lang='lat' dir='ltr'><strong>apud</strong></span> <span class='ocrx_word' id='word_1_625' title='bbox 255 1757 378 1783; x_wconf 88' lang='lat' dir='ltr'><strong>omniunt</strong></span> <span class='ocrx_word' id='word_1_626' title='bbox 395 1757 546 1792; x_wconf 82' lang='lat' dir='ltr'><strong>gratiarum</strong></span> <span class='ocrx_word' id='word_1_627' title='bbox 560 1756 665 1784; x_wconf 85' lang='lat' dir='ltr'><strong>fontem</strong></span> <span class='ocrx_word' id='word_1_628' title='bbox 682 1756 888 1791; x_wconf 85' lang='lat' dir='ltr'><strong>precationibus</strong></span> <span class='ocrx_word' id='word_1_629' title='bbox 904 1755 1079 1792; x_wconf 67' lang='lat' dir='ltr'><strong>impetrarit?</strong></span> 
     </span>
    </p>
   </div>
   <div class='ocr_carea' id='block_1_47' title="bbox 203 1788 1794 1825">
    <p class='ocr_par' dir='ltr' id='par_1_47' title="bbox 203 1788 1794 1825">
     <span class='ocr_line' id='line_1_48' title="bbox 203 1788 1794 1825; baseline -0.001 -7"><span class='ocrx_word' id='word_1_630' title='bbox 203 1791 345 1819; x_wconf 80' lang='lat' dir='ltr'><strong>Addamus</strong></span> <span class='ocrx_word' id='word_1_631' title='bbox 359 1788 456 1818; x_wconf 63' lang='lat' dir='ltr'><strong>boium</strong></span> <span class='ocrx_word' id='word_1_632' title='bbox 471 1792 597 1819; x_wconf 91' lang='lat' dir='ltr'><strong>divorum</strong></span> <span class='ocrx_word' id='word_1_633' title='bbox 613 1788 728 1820; x_wconf 78' lang='lat' dir='ltr'><strong>numero</strong></span> <span class='ocrx_word' id='word_1_634' title='bbox 745 1792 866 1819; x_wconf 87' lang='lat' dir='ltr'><strong>illustres</strong></span> <span class='ocrx_word' id='word_1_635' title='bbox 878 1788 951 1825; x_wconf 76' lang='lat' dir='ltr'><strong>regia</strong></span> <span class='ocrx_word' id='word_1_636' title='bbox 967 1790 1100 1825; x_wconf 75' lang='lat' dir='ltr'><strong>dignitate</strong></span> <span class='ocrx_word' id='word_1_637' title='bbox 1112 1797 1261 1825; x_wconf 77' lang='lat' dir='ltr'><strong>personas;</strong></span> <span class='ocrx_word' id='word_1_638' title='bbox 1285 1791 1344 1817; x_wconf 82' lang='lat' dir='ltr'><strong>sive</strong></span> <span class='ocrx_word' id='word_1_639' title='bbox 1359 1789 1519 1817; x_wconf 81' lang='lat' dir='ltr'><strong>Adelaidem</strong></span> <span class='ocrx_word' id='word_1_640' title='bbox 1534 1789 1650 1817; x_wconf 80' lang='lat' dir='ltr'><strong>Roberti</strong></span> <span class='ocrx_word' id='word_1_641' title='bbox 1667 1788 1794 1816; x_wconf 80' lang='lat' dir='ltr'><strong>Franco-</strong></span> 
     </span>
    </p>
   </div>
   <div class='ocr_carea' id='block_1_48' title="bbox 166 1825 1794 1862">
    <p class='ocr_par' dir='ltr' id='par_1_48' title="bbox 166 1825 1794 1862">
     <span class='ocr_line' id='line_1_49' title="bbox 166 1825 1794 1862; baseline -0.001 -10"><span class='ocrx_word' id='word_1_642' title='bbox 166 1833 226 1853; x_wconf 88' lang='lat' dir='ltr'><strong>rum</strong></span> <span class='ocrx_word' id='word_1_643' title='bbox 251 1828 324 1861; x_wconf 88' lang='lat' dir='ltr'><strong>regis</strong></span> <span class='ocrx_word' id='word_1_644' title='bbox 346 1831 473 1858; x_wconf 86' lang='lat' dir='ltr'><strong>matrem,</strong></span> <span class='ocrx_word' id='word_1_645' title='bbox 502 1828 612 1862; x_wconf 79' lang='lat' dir='ltr'><strong>egregia</strong></span> <span class='ocrx_word' id='word_1_646' title='bbox 638 1828 785 1855; x_wconf 86' lang='lat' dir='ltr'><strong>sanctitate</strong></span> <span class='ocrx_word' id='word_1_647' title='bbox 810 1828 963 1862; x_wconf 86' lang='lat' dir='ltr'><strong>feminam;</strong></span> <span class='ocrx_word' id='word_1_648' title='bbox 987 1828 1044 1862; x_wconf 75' lang='lat' dir='ltr'><strong>sive</strong></span> <span class='ocrx_word' id='word_1_649' title='bbox 1064 1825 1212 1853; x_wconf 84' lang='lat' dir='ltr'><strong>Henricum</strong></span> <span class='ocrx_word' id='word_1_650' title='bbox 1239 1826 1271 1852; x_wconf 85' lang='lat' dir='ltr'><strong>lii</strong></span> <span class='ocrx_word' id='word_1_651' title='bbox 1296 1826 1401 1861; x_wconf 64' lang='lat' dir='ltr'><strong>Anglia:</strong></span> <span class='ocrx_word' id='word_1_652' title='bbox 1425 1833 1516 1860; x_wconf 83' lang='lat' dir='ltr'><strong>regem</strong></span> <span class='ocrx_word' id='word_1_653' title='bbox 1543 1827 1674 1859; x_wconf 66' lang='lat' dir='ltr'><strong>praeclara</strong></span> <span class='ocrx_word' id='word_1_654' title='bbox 1701 1826 1794 1851; x_wconf 80' lang='lat' dir='ltr'><strong>virum</strong></span> 
     </span>
    </p>
   </div>
   <div class='ocr_carea' id='block_1_49' title="bbox 167 1860 1796 1898">
    <p class='ocr_par' dir='ltr' id='par_1_49' title="bbox 167 1860 1796 1898">
     <span class='ocr_line' id='line_1_50' title="bbox 167 1860 1796 1898; baseline -0.001 -10"><span class='ocrx_word' id='word_1_655' title='bbox 167 1860 294 1898; x_wconf 69' lang='lat' dir='ltr'><strong>pietatef</strong></span> <span class='ocrx_word' id='word_1_656' title='bbox 310 1862 344 1889; x_wconf 90' lang='lat' dir='ltr'><strong>de</strong></span> <span class='ocrx_word' id='word_1_657' title='bbox 360 1869 475 1897; x_wconf 86' lang='lat' dir='ltr'><strong>quorum</strong></span> <span class='ocrx_word' id='word_1_658' title='bbox 492 1860 581 1898; x_wconf 72' lang='lat' dir='ltr'><strong>altera</strong></span> <span class='ocrx_word' id='word_1_659' title='bbox 598 1863 754 1898; x_wconf 83' lang='lat' dir='ltr'><strong>llelgaudus</strong></span> <span class='ocrx_word' id='word_1_660' title='bbox 773 1861 959 1898; x_wconf 82' lang='lat' dir='ltr'><strong>Floriacensis</strong></span> <span class='ocrx_word' id='word_1_661' title='bbox 974 1860 1043 1897; x_wconf 73' lang='lat'><strong>(28),</strong></span> <span class='ocrx_word' id='word_1_662' title='bbox 1067 1866 1130 1896; x_wconf 86' lang='lat' dir='ltr'><strong>post</strong></span> <span class='ocrx_word' id='word_1_663' title='bbox 1146 1861 1337 1898; x_wconf 80' lang='lat' dir='ltr'><strong>ccenobiorum</strong></span> <span class='ocrx_word' id='word_1_664' title='bbox 1357 1862 1391 1888; x_wconf 86' lang='lat' dir='ltr'><strong>ab</strong></span> <span class='ocrx_word' id='word_1_665' title='bbox 1413 1865 1676 1898; x_wconf 31' lang='lat' dir='ltr'><strong>eaex-structorum</strong></span> <span class='ocrx_word' id='word_1_666' title='bbox 1689 1866 1796 1898; x_wconf 79' lang='lat' dir='ltr'><strong>recen-</strong></span> 
     </span>
    </p>
   </div>
   <div class='ocr_carea' id='block_1_50' title="bbox 167 1895 1795 1933">
    <p class='ocr_par' dir='ltr' id='par_1_50' title="bbox 167 1895 1795 1933">
     <span class='ocr_line' id='line_1_51' title="bbox 167 1895 1795 1933; baseline -0.001 -10"><span class='ocrx_word' id='word_1_667' title='bbox 167 1895 285 1930; x_wconf 67' lang='lat' dir='ltr'><strong>itionem,</strong></span> <span class='ocrx_word' id='word_1_668' title='bbox 299 1897 335 1924; x_wconf 89' lang='lat' dir='ltr'><strong>ita</strong></span> <span class='ocrx_word' id='word_1_669' title='bbox 348 1895 460 1925; x_wconf 78' lang='lat' dir='ltr'><strong>subdit:</strong></span> <span class='ocrx_word' id='word_1_670' title='bbox 478 1906 488 1922; x_wconf 73' lang='grc' dir='ltr'>ι</span> <span class='ocrx_word' id='word_1_671' title='bbox 502 1897 618 1933; x_wconf 81' lang='lat' dir='ltr'><strong>Speciali</strong></span> <span class='ocrx_word' id='word_1_672' title='bbox 640 1895 731 1925; x_wconf 36' lang='lat' dir='ltr'><strong>a‘utem</strong></span> <span class='ocrx_word' id='word_1_673' title='bbox 746 1905 795 1924; x_wconf 88' lang='lat' dir='ltr'><strong>suo</strong></span> <span class='ocrx_word' id='word_1_674' title='bbox 809 1903 871 1932; x_wconf 85' lang='lat' dir='ltr'><strong>post</strong></span> <span class='ocrx_word' id='word_1_675' title='bbox 886 1895 1028 1924; x_wconf 87' lang='lat' dir='ltr'><strong>Dominum</strong></span> <span class='ocrx_word' id='word_1_676' title='bbox 1042 1895 1194 1924; x_wconf 81' lang='lat' dir='ltr'><strong>amicorum</strong></span> <span class='ocrx_word' id='word_1_677' title='bbox 1212 1897 1314 1929; x_wconf 87' lang='lat' dir='ltr'><strong>amico,</strong></span> <span class='ocrx_word' id='word_1_678' title='bbox 1331 1895 1728 1933; x_wconf 24' lang='lat' dir='ltr'><strong>beatofidelicctﬂbionysio,</strong></span> <span class='ocrx_word' id='word_1_679' title='bbox 1744 1903 1795 1933; x_wconf 72' lang='lat' dir='ltr'><strong>ca-</strong></span> 
     </span>
    </p>
   </div>
   <div class='ocr_carea' id='block_1_51' title="bbox 166 1929 1796 1968">
    <p class='ocr_par' dir='ltr' id='par_1_51' title="bbox 166 1929 1796 1968">
     <span class='ocr_line' id='line_1_52' title="bbox 166 1929 1796 1968; baseline -0.001 -10"><span class='ocrx_word' id='word_1_680' title='bbox 166 1933 255 1968; x_wconf 80' lang='lat' dir='ltr'><strong>sulam</strong></span> <span class='ocrx_word' id='word_1_681' title='bbox 277 1934 347 1960; x_wconf 92' lang='lat' dir='ltr'><strong>miro</strong></span> <span class='ocrx_word' id='word_1_682' title='bbox 370 1933 463 1960; x_wconf 89' lang='lat' dir='ltr'><strong>itidem</strong></span> <span class='ocrx_word' id='word_1_683' title='bbox 480 1929 564 1967; x_wconf 72' lang='lat' dir='ltr'><strong>opere</strong></span> <span class='ocrx_word' id='word_1_684' title='bbox 578 1933 680 1961; x_wconf 89' lang='lat' dir='ltr'><strong>factatn</strong></span> <span class='ocrx_word' id='word_1_685' title='bbox 696 1929 826 1965; x_wconf 62' lang='lat' dir='ltr'><strong>contulit&#39;,</strong></span> <span class='ocrx_word' id='word_1_686' title='bbox 838 1934 912 1968; x_wconf 87' lang='lat' dir='ltr'><strong>quod</strong></span> <span class='ocrx_word' id='word_1_687' title='bbox 935 1939 1005 1967; x_wconf 90' lang='lat' dir='ltr'><strong>opus</strong></span> <span class='ocrx_word' id='word_1_688' title='bbox 1024 1937 1142 1968; x_wconf 83' lang='lat' dir='ltr'><strong>vocatur</strong></span> <span class='ocrx_word' id='word_1_689' title='bbox 1158 1932 1233 1958; x_wconf 87' lang='lat' dir='ltr'><strong>orbis</strong></span> <span class='ocrx_word' id='word_1_690' title='bbox 1250 1936 1385 1968; x_wconf 87' lang='lat' dir='ltr'><strong>terrarum</strong></span> <span class='ocrx_word' id='word_1_691' title='bbox 1403 1930 1440 1957; x_wconf 93' lang='lat' dir='ltr'><strong>illi</strong></span> <span class='ocrx_word' id='word_1_692' title='bbox 1457 1930 1549 1968; x_wconf 62' lang='lat' dir='ltr'><strong>Caroli</strong></span> <span class='ocrx_word' id='word_1_693' title='bbox 1564 1929 1641 1968; x_wconf 62' lang='lat' dir='ltr'><strong>Qaivi</strong></span> <span class='ocrx_word' id='word_1_694' title='bbox 1656 1929 1796 1957; x_wconf 77' lang='lat' dir='ltr'><strong>dissimil-</strong></span> 
     </span>
    </p>
   </div>
   <div class='ocr_carea' id='block_1_52' title="bbox 166 1966 1796 2003">
    <p class='ocr_par' dir='ltr' id='par_1_52' title="bbox 166 1966 1796 2003">
     <span class='ocr_line' id='line_1_53' title="bbox 166 1966 1796 2003; baseline -0.001 -9"><span class='ocrx_word' id='word_1_695' title='bbox 166 1967 274 1994; x_wconf 86' lang='lat' dir='ltr'><strong>limum.</strong></span> <span class='ocrx_word' id='word_1_696' title='bbox 300 1968 436 2003; x_wconf 70' lang='lat' dir='ltr'><strong>Sperabat</strong></span> <span class='ocrx_word' id='word_1_697' title='bbox 455 1966 528 1995; x_wconf 75' lang='lat' dir='ltr'><strong>enim</strong></span> <span class='ocrx_word' id='word_1_698' title='bbox 553 1975 583 1995; x_wconf 90' lang='lat' dir='ltr'><strong>se</strong></span> <span class='ocrx_word' id='word_1_699' title='bbox 606 1969 660 1997; x_wconf 82' lang='lat' dir='ltr'><strong>Deo</strong></span> <span class='ocrx_word' id='word_1_700' title='bbox 675 1968 764 1996; x_wconf 84' lang='lat' dir='ltr'><strong>lidelis</strong></span> <span class='ocrx_word' id='word_1_701' title='bbox 786 1966 879 2002; x_wconf 79' lang='lat' dir='ltr'><strong>regina</strong></span> <span class='ocrx_word' id='word_1_702' title='bbox 894 1973 1000 2002; x_wconf 88' lang='lat' dir='ltr'><strong>partetu</strong></span> <span class='ocrx_word' id='word_1_703' title='bbox 1023 1967 1179 2003; x_wconf 77' lang='lat' dir='ltr'><strong>habituram</strong></span> <span class='ocrx_word' id='word_1_704' title='bbox 1201 1973 1265 2003; x_wconf 84' lang='lat' dir='ltr'><strong>eum</strong></span> <span class='ocrx_word' id='word_1_705' title='bbox 1284 1975 1317 1994; x_wconf 83' lang='lat' dir='ltr'><strong>eo</strong></span> <span class='ocrx_word' id='word_1_706' title='bbox 1331 1967 1375 1993; x_wconf 87' lang='lat' dir='ltr'><strong>cui</strong></span> <span class='ocrx_word' id='word_1_707' title='bbox 1391 1966 1557 2003; x_wconf 79' lang='lat' dir='ltr'><strong>promiserat</strong></span> <span class='ocrx_word' id='word_1_708' title='bbox 1574 1966 1646 2003; x_wconf 82' lang='lat' dir='ltr'><strong>Deus</strong></span> <span class='ocrx_word' id='word_1_709' title='bbox 1662 1972 1796 2003; x_wconf 78' lang='lat' dir='ltr'><strong>sermone</strong></span> 
     </span>
    </p>
   </div>
   <div class='ocr_carea' id='block_1_53' title="bbox 165 2001 1794 2039">
    <p class='ocr_par' dir='ltr' id='par_1_53' title="bbox 165 2001 1794 2039">
     <span class='ocr_line' id='line_1_54' title="bbox 165 2001 1794 2039; baseline -0.002 -9"><span class='ocrx_word' id='word_1_710' title='bbox 165 2010 219 2030; x_wconf 90' lang='lat' dir='ltr'><strong>non</strong></span> <span class='ocrx_word' id='word_1_711' title='bbox 235 2001 402 2039; x_wconf 50' lang='lat' dir='ltr'><strong>casso—(29),</strong></span> <span class='ocrx_word' id='word_1_712' title='bbox 422 2004 633 2038; x_wconf 78' lang='lat' dir='ltr'><strong>impetraturum</strong></span> <span class='ocrx_word' id='word_1_713' title='bbox 649 2011 700 2039; x_wconf 86' lang='lat' dir='ltr'><strong>pro</strong></span> <span class='ocrx_word' id='word_1_714' title='bbox 717 2001 928 2038; x_wconf 75' lang='lat' dir='ltr'><strong>quibuscunque</strong></span> <span class='ocrx_word' id='word_1_715' title='bbox 941 2003 1078 2037; x_wconf 85' lang='lat' dir='ltr'><strong>petiisset.</strong></span> <span class='ocrx_word' id='word_1_716' title='bbox 1094 2002 1203 2039; x_wconf 55' lang='lat' dir='ltr'><strong>iglenim</strong></span> <span class='ocrx_word' id='word_1_717' title='bbox 1221 2001 1348 2039; x_wconf 71' lang='lat' dir='ltr'><strong>universa</strong></span> <span class='ocrx_word' id='word_1_718' title='bbox 1365 2002 1510 2039; x_wconf 73' lang='lat' dir='ltr'><strong>progenies</strong></span> <span class='ocrx_word' id='word_1_719' title='bbox 1526 2001 1705 2039; x_wconf 63' lang='lat' dir='ltr'><strong>tantulamse</strong></span> <span class='ocrx_word' id='word_1_720' title='bbox 1721 2001 1794 2039; x_wconf 77' lang='lat' dir='ltr'><strong>tanti</strong></span> 
     </span>
    </p>
   </div>
   <div class='ocr_carea' id='block_1_54' title="bbox 166 2036 1794 2074">
    <p class='ocr_par' dir='ltr' id='par_1_54' title="bbox 166 2036 1794 2074">
     <span class='ocr_line' id='line_1_55' title="bbox 166 2036 1794 2074; baseline -0.001 -10"><span class='ocrx_word' id='word_1_721' title='bbox 166 2040 298 2074; x_wconf 84' lang='lat' dir='ltr'><strong>martyris</strong></span> <span class='ocrx_word' id='word_1_722' title='bbox 309 2036 422 2066; x_wconf 66' lang='lat' dir='ltr'><strong>in&#39;omni</strong></span> <span class='ocrx_word' id='word_1_723' title='bbox 435 2036 520 2073; x_wconf 77' lang='lat' dir='ltr'><strong>opere</strong></span> <span class='ocrx_word' id='word_1_724' title='bbox 534 2036 748 2074; x_wconf 50' lang='lat' dir='ltr'><strong>proclamabat?)</strong></span> <span class='ocrx_word' id='word_1_725' title='bbox 772 2039 810 2067; x_wconf 88' lang='lat' dir='ltr'><strong>De</strong></span> <span class='ocrx_word' id='word_1_726' title='bbox 824 2036 911 2066; x_wconf 75' lang='lat' dir='ltr'><strong>altero</strong></span> <span class='ocrx_word' id='word_1_727' title='bbox 936 2036 1026 2064; x_wconf 78' lang='lat' dir='ltr'><strong>autem</strong></span> <span class='ocrx_word' id='word_1_728' title='bbox 1043 2038 1081 2064; x_wconf 89' lang='lat' dir='ltr'><strong>ita</strong></span> <span class='ocrx_word' id='word_1_729' title='bbox 1090 2037 1212 2074; x_wconf 65' lang='lat' dir='ltr'><strong>Nangius</strong></span> <span class='ocrx_word' id='word_1_730' title='bbox 1234 2037 1291 2074; x_wconf 62' lang='grc' dir='ltr'><strong>ιῦυ)</strong></span> <span class='ocrx_word' id='word_1_731' title='bbox 1304 2044 1312 2064; x_wconf 89' lang='grc'>;</span> <span class='ocrx_word' id='word_1_732' title='bbox 1327 2046 1337 2062; x_wconf 77' lang='grc' dir='ltr'>ι</span> <span class='ocrx_word' id='word_1_733' title='bbox 1352 2039 1432 2063; x_wconf 89' lang='lat' dir='ltr'><strong>Auno</strong></span> <span class='ocrx_word' id='word_1_734' title='bbox 1455 2036 1561 2063; x_wconf 90' lang='lat' dir='ltr'><strong>Domini</strong></span> <span class='ocrx_word' id='word_1_735' title='bbox 1575 2036 1719 2074; x_wconf 77' lang='lat' dir='ltr'><strong>millesimo</strong></span> <span class='ocrx_word' id='word_1_736' title='bbox 1740 2036 1794 2074; x_wconf 71' lang='lat' dir='ltr'><strong>dti-</strong></span> 
     </span>
    </p>
   </div>
   <div class='ocr_carea' id='block_1_55' title="bbox 165 2071 1794 2110">
    <p class='ocr_par' dir='ltr' id='par_1_55' title="bbox 165 2071 1794 2110">
     <span class='ocr_line' id='line_1_56' title="bbox 165 2071 1794 2110; baseline -0.002 -10"><span class='ocrx_word' id='word_1_737' title='bbox 165 2071 319 2110; x_wconf 74' lang='lat' dir='ltr'><strong>eeuteitimo</strong></span> <span class='ocrx_word' id='word_1_738' title='bbox 334 2071 563 2110; x_wconf 73' lang='lat' dir='ltr'><strong>quinquagesimo</strong></span> <span class='ocrx_word' id='word_1_739' title='bbox 578 2082 650 2103; x_wconf 91' lang='lat' dir='ltr'><strong>nono</strong></span> <span class='ocrx_word' id='word_1_740' title='bbox 665 2074 800 2102; x_wconf 79' lang='lat' dir='ltr'><strong>Henricus</strong></span> <span class='ocrx_word' id='word_1_741' title='bbox 816 2081 865 2102; x_wconf 74' lang='lat' dir='ltr'><strong>rex</strong></span> <span class='ocrx_word' id='word_1_742' title='bbox 880 2074 985 2110; x_wconf 70' lang='lat' dir='ltr'><strong>Anglia:</strong></span> <span class='ocrx_word' id='word_1_743' title='bbox 1001 2074 1079 2110; x_wconf 89' lang='lat' dir='ltr'><strong>venit</strong></span> <span class='ocrx_word' id='word_1_744' title='bbox 1105 2073 1132 2099; x_wconf 92' lang='lat' dir='ltr'><strong>in</strong></span> <span class='ocrx_word' id='word_1_745' title='bbox 1143 2071 1313 2110; x_wconf 14' lang='lat' dir='ltr'><strong>‘FrauCiam,</strong></span> <span class='ocrx_word' id='word_1_746' title='bbox 1329 2076 1515 2110; x_wconf 79' lang='lat' dir='ltr'><strong>exceptusque</strong></span> <span class='ocrx_word' id='word_1_747' title='bbox 1530 2078 1574 2110; x_wconf 85' lang='lat' dir='ltr'><strong>est</strong></span> <span class='ocrx_word' id='word_1_748' title='bbox 1587 2071 1704 2110; x_wconf 54' lang='lat' dir='ltr'><strong>Parisiis</strong></span> <span class='ocrx_word' id='word_1_749' title='bbox 1722 2079 1737 2097; x_wconf 89' lang='lat' dir='ltr'><strong>a</strong></span> 
     </span>
    </p>
   </div>
   <div class='ocr_carea' id='block_1_56' title="bbox 165 2106 1794 2146">
    <p class='ocr_par' dir='ltr' id='par_1_56' title="bbox 165 2106 1794 2146">
     <span class='ocr_line' id='line_1_57' title="bbox 165 2106 1794 2146; baseline -0.002 -10"><span class='ocrx_word' id='word_1_750' title='bbox 165 2109 327 2138; x_wconf 85' lang='lat' dir='ltr'><strong>Ludovico:</strong></span> <span class='ocrx_word' id='word_1_751' title='bbox 342 2106 519 2144; x_wconf 69' lang='lat' dir='ltr'><strong>postmodum</strong></span> <span class='ocrx_word' id='word_1_752' title='bbox 537 2110 567 2137; x_wconf 81' lang='grc' dir='ltr'><strong>Β.</strong></span> <span class='ocrx_word' id='word_1_753' title='bbox 584 2110 744 2146; x_wconf 84' lang='lat' dir='ltr'><strong>Dionysium</strong></span> <span class='ocrx_word' id='word_1_754' title='bbox 759 2110 872 2137; x_wconf 82' lang='lat' dir='ltr'><strong>visitare</strong></span> <span class='ocrx_word' id='word_1_755' title='bbox 891 2106 1013 2143; x_wconf 81' lang='lat' dir='ltr'><strong>cupiens,</strong></span> <span class='ocrx_word' id='word_1_756' title='bbox 1036 2108 1163 2135; x_wconf 84' lang='lat' dir='ltr'><strong>discessit</strong></span> <span class='ocrx_word' id='word_1_757' title='bbox 1176 2107 1310 2146; x_wconf 75' lang='lat' dir='ltr'><strong>_i’arisiis,</strong></span> <span class='ocrx_word' id='word_1_758' title='bbox 1329 2113 1357 2134; x_wconf 87' lang='lat' dir='ltr'><strong>et</strong></span> <span class='ocrx_word' id='word_1_759' title='bbox 1386 2108 1420 2134; x_wconf 82' lang='lat' dir='ltr'><strong>ad</strong></span> <span class='ocrx_word' id='word_1_760' title='bbox 1441 2107 1587 2133; x_wconf 86' lang='lat' dir='ltr'><strong>ecclesiam</strong></span> <span class='ocrx_word' id='word_1_761' title='bbox 1610 2106 1794 2146; x_wconf 80' lang='lat' dir='ltr'><strong>B._Dionysii</strong></span> 
     </span>
    </p>
   </div>
   <div class='ocr_carea' id='block_1_57' title="bbox 163 2142 1794 2180">
    <p class='ocr_par' dir='ltr' id='par_1_57' title="bbox 163 2142 1794 2180">
     <span class='ocr_line' id='line_1_58' title="bbox 163 2142 1794 2180; baseline -0.003 -8"><span class='ocrx_word' id='word_1_762' title='bbox 163 2146 241 2172; x_wconf 82' lang='lat' dir='ltr'><strong>venit</strong></span> <span class='ocrx_word' id='word_1_763' title='bbox 255 2153 318 2173; x_wconf 88' lang='lat' dir='ltr'><strong>cuin</strong></span> <span class='ocrx_word' id='word_1_764' title='bbox 332 2142 429 2180; x_wconf 84' lang='lat' dir='ltr'><strong>magna</strong></span> <span class='ocrx_word' id='word_1_765' title='bbox 443 2147 588 2174; x_wconf 86' lang='lat' dir='ltr'><strong>devotione</strong></span> <span class='ocrx_word' id='word_1_766' title='bbox 602 2151 630 2173; x_wconf 86' lang='lat' dir='ltr'><strong>et</strong></span> <span class='ocrx_word' id='word_1_767' title='bbox 644 2142 813 2179; x_wconf 54' lang='lat' dir='ltr'><strong>reverentia,</strong></span> <span class='ocrx_word' id='word_1_768' title='bbox 829 2142 1010 2180; x_wconf 73' lang='lat' dir='ltr'><strong>mensuraque</strong></span> <span class='ocrx_word' id='word_1_769' title='bbox 1023 2148 1052 2180; x_wconf 82' lang='lat' dir='ltr'><strong>et</strong></span> <span class='ocrx_word' id='word_1_770' title='bbox 1065 2151 1097 2171; x_wconf 87' lang='lat' dir='ltr'><strong>eo</strong></span> <span class='ocrx_word' id='word_1_771' title='bbox 1110 2143 1237 2180; x_wconf 77' lang='lat' dir='ltr'><strong>amplius</strong></span> <span class='ocrx_word' id='word_1_772' title='bbox 1246 2144 1283 2180; x_wconf 87' lang='lat' dir='ltr'><strong>ibi</strong></span> <span class='ocrx_word' id='word_1_773' title='bbox 1296 2142 1659 2180; x_wconf 56' lang='lat' dir='ltr'><strong>commoraLus,_cmtt1entui</strong></span> <span class='ocrx_word' id='word_1_774' title='bbox 1670 2149 1794 2180; x_wconf 86' lang='lat' dir='ltr'><strong>cappam</strong></span> 
     </span>
    </p>
   </div>
   <div class='ocr_carea' id='block_1_58' title="bbox 164 2176 1795 2217">
    <p class='ocr_par' dir='ltr' id='par_1_58' title="bbox 164 2176 1795 2217">
     <span class='ocr_line' id='line_1_59' title="bbox 164 2176 1795 2217; baseline -0.003 -10"><span class='ocrx_word' id='word_1_775' title='bbox 164 2188 277 2217; x_wconf 77' lang='lat' dir='ltr'><strong>auream</strong></span> <span class='ocrx_word' id='word_1_776' title='bbox 296 2186 324 2209; x_wconf 93' lang='lat' dir='ltr'><strong>et</strong></span> <span class='ocrx_word' id='word_1_777' title='bbox 343 2176 475 2217; x_wconf 64' lang='lat' dir='ltr'><strong>scyphum</strong></span> <span class='ocrx_word' id='word_1_778' title='bbox 491 2183 582 2217; x_wconf 83' lang='lat' dir='ltr'><strong>magni</strong></span> <span class='ocrx_word' id='word_1_779' title='bbox 602 2181 731 2217; x_wconf 89' lang='lat' dir='ltr'><strong>ponderis</strong></span> <span class='ocrx_word' id='word_1_780' title='bbox 747 2176 875 2208; x_wconf 76' lang='lat' dir='ltr'><strong>contulit.</strong></span> <span class='ocrx_word' id='word_1_781' title='bbox 902 2189 912 2205; x_wconf 79' lang='grc' dir='ltr'><strong><em>ι</em></strong></span> <span class='ocrx_word' id='word_1_782' title='bbox 937 2176 993 2217; x_wconf 46' lang='lat' dir='ltr'><strong>lico</strong></span> <span class='ocrx_word' id='word_1_783' title='bbox 1016 2176 1211 2217; x_wconf 72' lang='lat' dir='ltr'><strong>inltonoraium</strong></span> <span class='ocrx_word' id='word_1_784' title='bbox 1226 2179 1426 2217; x_wconf 87' lang='lat' dir='ltr'><strong>_iudo_ua_tumv_e</strong></span> <span class='ocrx_word' id='word_1_785' title='bbox 1494 2177 1655 2217; x_wconf 62' lang='lat' dir='ltr'><strong>Dionysium</strong></span> <span class='ocrx_word' id='word_1_786' title='bbox 1677 2177 1795 2217; x_wconf 66' lang='lat' dir='ltr'><strong>reliquit</strong></span> 
     </span>
    </p>
   </div>
   <div class='ocr_carea' id='block_1_59' title="bbox 165 2211 1795 2252">
    <p class='ocr_par' dir='ltr' id='par_1_59' title="bbox 165 2211 1795 2252">
     <span class='ocr_line' id='line_1_60' title="bbox 165 2211 1795 2252; baseline -0.002 -10"><span class='ocrx_word' id='word_1_787' title='bbox 165 2215 305 2252; x_wconf 81' lang='lat' dir='ltr'><strong>Philippus</strong></span> <span class='ocrx_word' id='word_1_788' title='bbox 317 2211 627 2251; x_wconf 39' lang='lat' dir='ltr'><strong>llliisbaniarunt‘rex&#39;;</strong></span> <span class='ocrx_word' id='word_1_789' title='bbox 643 2217 690 2252; x_wconf 88' lang='lat' dir='ltr'><strong>qui</strong></span> <span class='ocrx_word' id='word_1_790' title='bbox 704 2218 818 2244; x_wconf 87' lang='lat' dir='ltr'><strong>obteuto</strong></span> <span class='ocrx_word' id='word_1_791' title='bbox 834 2224 849 2242; x_wconf 87' lang='lat' dir='ltr'><strong>a</strong></span> <span class='ocrx_word' id='word_1_792' title='bbox 864 2214 1071 2252; x_wconf 18' lang='lat' dir='ltr'><strong>regchrancite</strong></span> <span class='ocrx_word' id='word_1_793' title='bbox 1082 2214 1112 2241; x_wconf 74' lang='grc' dir='ltr'><strong>ὃ.</strong></span> <span class='ocrx_word' id='word_1_794' title='bbox 1130 2214 1242 2252; x_wconf 65' lang='lat' dir='ltr'><strong>Eugenit</strong></span> <span class='ocrx_word' id='word_1_795' title='bbox 1259 2214 1340 2248; x_wconf 85' lang='lat' dir='ltr'><strong>primi</strong></span> <span class='ocrx_word' id='word_1_796' title='bbox 1354 2213 1485 2252; x_wconf 73' lang='lat' dir='ltr'><strong>antistitis</strong></span> <span class='ocrx_word' id='word_1_797' title='bbox 1501 2211 1628 2252; x_wconf 49' lang='lat' dir='ltr'><strong>fciet-ani</strong></span> <span class='ocrx_word' id='word_1_798' title='bbox 1640 2212 1795 2252; x_wconf 40' lang='lat' dir='ltr'><strong>Lquod-diu</strong></span> 
     </span>
    </p>
   </div>
   <div class='ocr_carea' id='block_1_60' title="bbox 165 2247 1794 2287">
    <p class='ocr_par' dir='ltr' id='par_1_60' title="bbox 165 2247 1794 2287">
     <span class='ocr_line' id='line_1_61' title="bbox 165 2247 1794 2287; baseline -0.002 -10"><span class='ocrx_word' id='word_1_799' title='bbox 165 2247 334 2287; x_wconf 75' lang='lat' dir='ltr'><strong>multumque</strong></span> <span class='ocrx_word' id='word_1_800' title='bbox 348 2247 544 2287; x_wconf 70' lang='lat' dir='ltr'><strong>postulaverat)</strong></span> <span class='ocrx_word' id='word_1_801' title='bbox 567 2247 790 2287; x_wconf 41' lang='lat' dir='ltr'><strong>sacro‘corpore,</strong></span> <span class='ocrx_word' id='word_1_802' title='bbox 814 2252 850 2287; x_wconf 77' lang='lat' dir='ltr'><strong>in</strong></span> <span class='ocrx_word' id='word_1_803' title='bbox 868 2247 939 2278; x_wconf 75' lang='lat' dir='ltr'><strong>tanti</strong></span> <span class='ocrx_word' id='word_1_804' title='bbox 959 2250 1121 2287; x_wconf 85' lang='lat' dir='ltr'><strong>memoriam</strong></span> <span class='ocrx_word' id='word_1_805' title='bbox 1142 2247 1282 2287; x_wconf 56' lang='lat' dir='ltr'><strong>beneﬁcii,</strong></span> <span class='ocrx_word' id='word_1_806' title='bbox 1307 2253 1335 2275; x_wconf 91' lang='lat' dir='ltr'><strong>et</strong></span> <span class='ocrx_word' id='word_1_807' title='bbox 1350 2248 1430 2276; x_wconf 88' lang='lat' dir='ltr'><strong>simul</strong></span> <span class='ocrx_word' id='word_1_808' title='bbox 1444 2247 1523 2287; x_wconf 71' lang='lat' dir='ltr'><strong>quod</strong></span> <span class='ocrx_word' id='word_1_809' title='bbox 1542 2248 1615 2287; x_wconf 74' lang='lat' dir='ltr'><strong>idem</strong></span> <span class='ocrx_word' id='word_1_810' title='bbox 1638 2248 1794 2282; x_wconf 78' lang='lat' dir='ltr'><strong>Eugenius,</strong></span> 
     </span>
    </p>
   </div>
   <div class='ocr_carea' id='block_1_61' title="bbox 165 2283 1795 2323">
    <p class='ocr_par' dir='ltr' id='par_1_61' title="bbox 165 2283 1795 2323">
     <span class='ocr_line' id='line_1_62' title="bbox 165 2283 1795 2323; baseline -0.004 -9"><span class='ocrx_word' id='word_1_811' title='bbox 165 2283 481 2323; x_wconf 53' lang='lat' dir='ltr'><strong>Dionysii-Areopagitae</strong></span> <span class='ocrx_word' id='word_1_812' title='bbox 496 2283 659 2323; x_wconf 76' lang='lat' dir='ltr'><strong>discipulus,</strong></span> <span class='ocrx_word' id='word_1_813' title='bbox 681 2283 722 2315; x_wconf 59' lang='lat' dir='ltr'><strong>ab&#39;</strong></span> <span class='ocrx_word' id='word_1_814' title='bbox 730 2295 763 2315; x_wconf 89' lang='lat' dir='ltr'><strong>eo</strong></span> <span class='ocrx_word' id='word_1_815' title='bbox 782 2283 813 2314; x_wconf 86' lang='lat' dir='ltr'><strong>in</strong></span> <span class='ocrx_word' id='word_1_816' title='bbox 829 2285 988 2322; x_wconf 81' lang='lat' dir='ltr'><strong>Hispaniam</strong></span> <span class='ocrx_word' id='word_1_817' title='bbox 1008 2286 1109 2323; x_wconf 73' lang='lat' dir='ltr'><strong>missus</strong></span> <span class='ocrx_word' id='word_1_818' title='bbox 1123 2289 1208 2323; x_wconf 64' lang='lat' dir='ltr'><strong>esset,</strong></span> <span class='ocrx_word' id='word_1_819' title='bbox 1227 2285 1315 2311; x_wconf 83' lang='lat' dir='ltr'><strong>eidem</strong></span> <span class='ocrx_word' id='word_1_820' title='bbox 1328 2283 1449 2323; x_wconf 81' lang='lat' dir='ltr'><strong>_ma_rtyri</strong></span> <span class='ocrx_word' id='word_1_821' title='bbox 1472 2283 1604 2317; x_wconf 80' lang='lat' dir='ltr'><strong>Dionysio</strong></span> <span class='ocrx_word' id='word_1_822' title='bbox 1628 2288 1795 2323; x_wconf 62' lang='lat' dir='ltr'><strong>argenteam</strong></span> 
     </span>
    </p>
   </div>
   <div class='ocr_carea' id='block_1_62' title="bbox 165 2317 1794 2359">
    <p class='ocr_par' dir='ltr' id='par_1_62' title="bbox 165 2317 1794 2359">
     <span class='ocr_line' id='line_1_63' title="bbox 165 2317 1794 2359; baseline -0.002 -12"><span class='ocrx_word' id='word_1_823' title='bbox 165 2317 318 2356; x_wconf 73' lang='lat' dir='ltr'><strong>lampadem</strong></span> <span class='ocrx_word' id='word_1_824' title='bbox 339 2317 530 2357; x_wconf 68' lang='lat' dir='ltr'><strong>magnitudine</strong></span> <span class='ocrx_word' id='word_1_825' title='bbox 551 2317 579 2351; x_wconf 73' lang='lat' dir='ltr'><strong>ei.</strong></span> <span class='ocrx_word' id='word_1_826' title='bbox 595 2317 714 2351; x_wconf 75' lang='lat' dir='ltr'><strong>artiiicio</strong></span> <span class='ocrx_word' id='word_1_827' title='bbox 731 2317 913 2359; x_wconf 68' lang='lat' dir='ltr'><strong>spectabilem</strong></span> <span class='ocrx_word' id='word_1_828' title='bbox 924 2323 1025 2359; x_wconf 74' lang='lat' dir='ltr'><strong>donum</strong></span> <span class='ocrx_word' id='word_1_829' title='bbox 1040 2322 1127 2359; x_wconf 72' lang='lat' dir='ltr'><strong>misit.</strong></span> <span class='ocrx_word' id='word_1_830' title='bbox 1151 2318 1225 2359; x_wconf 72' lang='lat' dir='ltr'><strong>istis,</strong></span> <span class='ocrx_word' id='word_1_831' title='bbox 1244 2327 1305 2354; x_wconf 78' lang='lat' dir='ltr'><strong>qua:</strong></span> <span class='ocrx_word' id='word_1_832' title='bbox 1328 2319 1355 2345; x_wconf 92' lang='lat' dir='ltr'><strong>in</strong></span> <span class='ocrx_word' id='word_1_833' title='bbox 1379 2317 1430 2359; x_wconf 82' lang='lat' dir='ltr'><strong>hoc</strong></span> <span class='ocrx_word' id='word_1_834' title='bbox 1449 2326 1551 2359; x_wconf 82' lang='lat' dir='ltr'><strong>genere</strong></span> <span class='ocrx_word' id='word_1_835' title='bbox 1567 2317 1708 2353; x_wconf 70' lang='lat' dir='ltr'><strong>prmcipua</strong></span> <span class='ocrx_word' id='word_1_836' title='bbox 1734 2317 1794 2353; x_wconf 69' lang='grc' dir='ltr'><strong>(δι)</strong></span> 
     </span>
    </p>
   </div>
   <div class='ocr_carea' id='block_1_63' title="bbox 165 2354 1649 2392">
    <p class='ocr_par' dir='ltr' id='par_1_63' title="bbox 165 2354 1649 2392">
     <span class='ocr_line' id='line_1_64' title="bbox 165 2354 1649 2392; baseline -0.003 -8"><span class='ocrx_word' id='word_1_837' title='bbox 165 2354 240 2390; x_wconf 72' lang='lat' dir='ltr'><strong>auiti,</strong></span> <span class='ocrx_word' id='word_1_838' title='bbox 256 2359 361 2386; x_wconf 88' lang='lat' dir='ltr'><strong>cursim</strong></span> <span class='ocrx_word' id='word_1_839' title='bbox 373 2354 510 2392; x_wconf 67' lang='lat' dir='ltr'><strong>dctibatis,</strong></span> <span class='ocrx_word' id='word_1_840' title='bbox 526 2365 627 2388; x_wconf 75' lang='lat' dir='ltr'><strong>ctetera</strong></span> <span class='ocrx_word' id='word_1_841' title='bbox 642 2354 814 2392; x_wconf 72' lang='lat' dir='ltr'><strong>transiliens,</strong></span> <span class='ocrx_word' id='word_1_842' title='bbox 830 2359 864 2386; x_wconf 84' lang='lat' dir='ltr'><strong>ad</strong></span> <span class='ocrx_word' id='word_1_843' title='bbox 880 2356 1049 2384; x_wconf 84' lang='lat' dir='ltr'><strong>mirabiliora</strong></span> <span class='ocrx_word' id='word_1_844' title='bbox 1068 2356 1242 2391; x_wconf 78' lang='lat' dir='ltr'><strong>Dioitysiatne</strong></span> <span class='ocrx_word' id='word_1_845' title='bbox 1256 2359 1367 2383; x_wconf 81' lang='lat' dir='ltr'><strong>Virtutis</strong></span> <span class='ocrx_word' id='word_1_846' title='bbox 1388 2354 1467 2389; x_wconf 83' lang='lat' dir='ltr'><strong>signa</strong></span> <span class='ocrx_word' id='word_1_847' title='bbox 1483 2354 1649 2389; x_wconf 88' lang='lat' dir='ltr'><strong>depropero.</strong></span> 
     </span>
    </p>
   </div>
   <div class='ocr_carea' id='block_1_64' title="bbox 865 2473 1094 2503">
    <p class='ocr_par' dir='ltr' id='par_1_64' title="bbox 865 2473 1094 2503">
     <span class='ocr_line' id='line_1_65' title="bbox 865 2473 1094 2503; baseline -0.009 0"><span class='ocrx_word' id='word_1_848' title='bbox 865 2473 1094 2503; x_wconf 75' lang='lat' dir='ltr'><strong>NOTATIONES.</strong></span> 
     </span>
    </p>
   </div>
   <div class='ocr_carea' id='block_1_65' title="bbox 203 2527 1796 2569">
    <p class='ocr_par' dir='ltr' id='par_1_65' title="bbox 203 2527 1796 2569">
     <span class='ocr_line' id='line_1_66' title="bbox 203 2527 1796 2569; baseline -0.002 -10"><span class='ocrx_word' id='word_1_849' title='bbox 203 2531 260 2567; x_wconf 72' lang='lat'><strong>(25)</strong></span> <span class='ocrx_word' id='word_1_850' title='bbox 279 2532 308 2560; x_wconf 85' lang='lat' dir='ltr'><strong>in</strong></span> <span class='ocrx_word' id='word_1_851' title='bbox 325 2529 412 2559; x_wconf 79' lang='lat' dir='ltr'><strong>Rerel.</strong></span> <span class='ocrx_word' id='word_1_852' title='bbox 425 2536 568 2564; x_wconf 74' lang='lat' dir='ltr'><strong>extrav.,c.</strong></span> <span class='ocrx_word' id='word_1_853' title='bbox 581 2532 627 2567; x_wconf 75' lang='lat'><strong>92,</strong></span> <span class='ocrx_word' id='word_1_854' title='bbox 640 2538 667 2562; x_wconf 87' lang='lat' dir='ltr'><strong>et</strong></span> <span class='ocrx_word' id='word_1_855' title='bbox 680 2533 706 2561; x_wconf 92' lang='lat' dir='ltr'><strong>in</strong></span> <span class='ocrx_word' id='word_1_856' title='bbox 724 2531 787 2561; x_wconf 83' lang='lat' dir='ltr'><strong>Vita</strong></span> <span class='ocrx_word' id='word_1_857' title='bbox 801 2533 860 2568; x_wconf 79' lang='lat' dir='ltr'><strong>ejus</strong></span> <span class='ocrx_word' id='word_1_858' title='bbox 879 2539 952 2561; x_wconf 82' lang='grc' dir='ltr'><strong>ιοωο</strong></span> <span class='ocrx_word' id='word_1_859' title='bbox 965 2535 989 2563; x_wconf 77' lang='grc' dir='ltr'>Α</span> <span class='ocrx_word' id='word_1_860' title='bbox 1009 2530 1068 2558; x_wconf 88' lang='lat' dir='ltr'><strong>Vita</strong></span> <span class='ocrx_word' id='word_1_861' title='bbox 1083 2530 1113 2558; x_wconf 88' lang='lat' dir='ltr'><strong>S.</strong></span> <span class='ocrx_word' id='word_1_862' title='bbox 1130 2530 1262 2569; x_wconf 73' lang='lat' dir='ltr'><strong>Dionysii,</strong></span> <span class='ocrx_word' id='word_1_863' title='bbox 1285 2531 1331 2558; x_wconf 91' lang='lat' dir='ltr'><strong>ubi</strong></span> <span class='ocrx_word' id='word_1_864' title='bbox 1346 2531 1404 2558; x_wconf 71' lang='lat' dir='ltr'><strong>haec</strong></span> <span class='ocrx_word' id='word_1_865' title='bbox 1421 2530 1502 2556; x_wconf 85' lang='lat' dir='ltr'><strong>verba</strong></span> <span class='ocrx_word' id='word_1_866' title='bbox 1516 2537 1524 2555; x_wconf 92' lang='lat'>:</span> <span class='ocrx_word' id='word_1_867' title='bbox 1544 2527 1660 2554; x_wconf 78' lang='lat' dir='ltr'><strong>Diiectto</strong></span> <span class='ocrx_word' id='word_1_868' title='bbox 1675 2533 1699 2554; x_wconf 84' lang='lat' dir='ltr'><strong>et</strong></span> <span class='ocrx_word' id='word_1_869' title='bbox 1714 2528 1796 2569; x_wconf 64' lang='lat' dir='ltr'><strong>itani-</strong></span> 
     </span>
    </p>
   </div>
   <div class='ocr_carea' id='block_1_66' title="bbox 166 2566 1793 2602">
    <p class='ocr_par' dir='ltr' id='par_1_66' title="bbox 166 2566 1793 2602">
     <span class='ocr_line' id='line_1_67' title="bbox 166 2566 1793 2602; baseline -0.002 -7"><span class='ocrx_word' id='word_1_870' title='bbox 166 2566 199 2595; x_wconf 81' lang='lat' dir='ltr'><strong>IV</strong></span> <span class='ocrx_word' id='word_1_871' title='bbox 221 2566 308 2596; x_wconf 76' lang='lat' dir='ltr'><strong>Stirii.</strong></span> <span class='ocrx_word' id='word_1_872' title='bbox 730 2577 734 2580; x_wconf 68' lang='grc'><strong><em>’</em></strong></span> <span class='ocrx_word' id='word_1_873' title='bbox 815 2566 823 2568; x_wconf 55' lang='grc'><em>’</em></span> <span class='ocrx_word' id='word_1_874' title='bbox 888 2601 894 2602; x_wconf 21' lang='lat'><em>7</em></span> <span class='ocrx_word' id='word_1_875' title='bbox 1002 2572 1090 2602; x_wconf 79' lang='lat' dir='ltr'><strong>guttus</strong></span> <span class='ocrx_word' id='word_1_876' title='bbox 1102 2575 1182 2602; x_wconf 79' lang='lat' dir='ltr'><strong>quam</strong></span> <span class='ocrx_word' id='word_1_877' title='bbox 1200 2566 1290 2600; x_wconf 78' lang='lat' dir='ltr'><strong>habes,</strong></span> <span class='ocrx_word' id='word_1_878' title='bbox 1304 2573 1415 2600; x_wconf 78' lang='lat' dir='ltr'><strong>semper,</strong></span> <span class='ocrx_word' id='word_1_879' title='bbox 1437 2573 1485 2599; x_wconf 86' lang='lat' dir='ltr'><strong>pro</strong></span> <span class='ocrx_word' id='word_1_880' title='bbox 1497 2571 1653 2602; x_wconf 62' lang='lat' dir='ltr'><strong>quocunque</strong></span> <span class='ocrx_word' id='word_1_881' title='bbox 1667 2566 1793 2602; x_wconf 73' lang='lat' dir='ltr'><strong>petieris,</strong></span> 
     </span>
    </p>
   </div>
   <div class='ocr_carea' id='block_1_67' title="bbox 205 2601 949 2641">
    <p class='ocr_par' dir='ltr' id='par_1_67' title="bbox 205 2601 949 2641">
     <span class='ocr_line' id='line_1_68' title="bbox 205 2601 949 2641; baseline 0 -11"><span class='ocrx_word' id='word_1_882' title='bbox 205 2603 261 2641; x_wconf 68' lang='lat'><strong>(20)</strong></span> <span class='ocrx_word' id='word_1_883' title='bbox 280 2602 515 2641; x_wconf 68' lang='lat' dir='ltr'><strong>S._hlarcellintts_</strong></span> <span class='ocrx_word' id='word_1_884' title='bbox 528 2604 672 2641; x_wconf 77' lang='lat' dir='ltr'><strong>presbyter</strong></span> <span class='ocrx_word' id='word_1_885' title='bbox 697 2605 726 2634; x_wconf 86' lang='lat' dir='ltr'><strong>in</strong></span> <span class='ocrx_word' id='word_1_886' title='bbox 750 2603 813 2632; x_wconf 81' lang='lat' dir='ltr'><strong>Vita</strong></span> <span class='ocrx_word' id='word_1_887' title='bbox 828 2604 859 2633; x_wconf 87' lang='lat' dir='ltr'><strong>S.</strong></span> <span class='ocrx_word' id='word_1_888' title='bbox 880 2601 949 2631; x_wconf 83' lang='lat' dir='ltr'><strong>Swi-</strong></span> 
     </span>
    </p>
   </div>
   <div class='ocr_carea' id='block_1_68' title="bbox 166 2639 585 2672">
    <p class='ocr_par' dir='ltr' id='par_1_68' title="bbox 166 2639 585 2672">
     <span class='ocr_line' id='line_1_69' title="bbox 166 2639 585 2672; baseline -0.002 -5"><span class='ocrx_word' id='word_1_889' title='bbox 166 2639 243 2672; x_wconf 73' lang='lat' dir='ltr'><strong>berti,</strong></span> <span class='ocrx_word' id='word_1_890' title='bbox 271 2648 297 2667; x_wconf 89' lang='lat' dir='ltr'><strong>c.</strong></span> <span class='ocrx_word' id='word_1_891' title='bbox 314 2639 358 2671; x_wconf 83' lang='lat' dir='ltr'><strong>ii,</strong></span> <span class='ocrx_word' id='word_1_892' title='bbox 375 2643 448 2666; x_wconf 77' lang='lat' dir='ltr'><strong>temo</strong></span> <span class='ocrx_word' id='word_1_893' title='bbox 463 2639 485 2666; x_wconf 91' lang='lat' dir='ltr'><strong>ll</strong></span> <span class='ocrx_word' id='word_1_894' title='bbox 500 2639 585 2666; x_wconf 84' lang='lat' dir='ltr'><strong>Surii.</strong></span> 
     </span>
    </p>
   </div>
   <div class='ocr_carea' id='block_1_69' title="bbox 202 2674 775 2709">
    <p class='ocr_par' dir='ltr' id='par_1_69' title="bbox 202 2674 775 2709">
     <span class='ocr_line' id='line_1_70' title="bbox 202 2674 775 2709; baseline 0.003 -8"><span class='ocrx_word' id='word_1_895' title='bbox 202 2675 260 2709; x_wconf 67' lang='grc' dir='ltr'><strong>(Ξῖ)</strong></span> <span class='ocrx_word' id='word_1_896' title='bbox 280 2675 358 2709; x_wconf 87' lang='lat' dir='ltr'><strong>Apud</strong></span> <span class='ocrx_word' id='word_1_897' title='bbox 375 2675 498 2707; x_wconf 83' lang='lat' dir='ltr'><strong>Surium,</strong></span> <span class='ocrx_word' id='word_1_898' title='bbox 515 2674 629 2702; x_wconf 87' lang='lat' dir='ltr'><strong>tomon</strong></span> <span class='ocrx_word' id='word_1_899' title='bbox 643 2674 775 2704; x_wconf 84' lang='lat' dir='ltr'><strong>Vilarunt.</strong></span> 
     </span>
    </p>
   </div>
   <div class='ocr_carea' id='block_1_70' title="bbox 202 2709 953 2747">
    <p class='ocr_par' dir='ltr' id='par_1_70' title="bbox 202 2709 953 2747">
     <span class='ocr_line' id='line_1_71' title="bbox 202 2709 953 2747; baseline 0.001 -10"><span class='ocrx_word' id='word_1_900' title='bbox 202 2709 259 2745; x_wconf 62' lang='lat'><strong>(23)</strong></span> <span class='ocrx_word' id='word_1_901' title='bbox 283 2711 438 2745; x_wconf 80' lang='lat' dir='ltr'><strong>lielgaudus</strong></span> <span class='ocrx_word' id='word_1_902' title='bbox 462 2710 490 2737; x_wconf 92' lang='lat' dir='ltr'><strong>in</strong></span> <span class='ocrx_word' id='word_1_903' title='bbox 515 2710 576 2737; x_wconf 83' lang='lat' dir='ltr'><strong>Vita</strong></span> <span class='ocrx_word' id='word_1_904' title='bbox 601 2709 708 2738; x_wconf 79' lang='lat' dir='ltr'><strong>Roberti</strong></span> <span class='ocrx_word' id='word_1_905' title='bbox 731 2714 798 2747; x_wconf 63' lang='lat' dir='ltr'><strong>regis</strong></span> <span class='ocrx_word' id='word_1_906' title='bbox 830 2710 953 2739; x_wconf 82' lang='lat' dir='ltr'><strong>Franco-</strong></span> 
     </span>
    </p>
   </div>
   <div class='ocr_carea' id='block_1_71' title="bbox 166 2753 233 2773">
    <p class='ocr_par' dir='ltr' id='par_1_71' title="bbox 166 2753 233 2773">
     <span class='ocr_line' id='line_1_72' title="bbox 166 2753 233 2773; baseline 0 0"><span class='ocrx_word' id='word_1_907' title='bbox 166 2753 224 2773; x_wconf 77' lang='grc' dir='ltr'><strong>τωη</strong></span> <span class='ocrx_word' id='word_1_908' title='bbox 229 2768 233 2773; x_wconf 94' lang='grc'>.</span> 
     </span>
    </p>
   </div>
   <div class='ocr_carea' id='block_1_72' title="bbox 202 2780 952 2816">
    <p class='ocr_par' dir='ltr' id='par_1_72' title="bbox 202 2780 952 2816">
     <span class='ocr_line' id='line_1_73' title="bbox 202 2780 952 2816; baseline 0.001 -7"><span class='ocrx_word' id='word_1_909' title='bbox 202 2781 259 2815; x_wconf 71' lang='grc'><strong>(29)</strong></span> <span class='ocrx_word' id='word_1_910' title='bbox 273 2781 323 2809; x_wconf 85' lang='lat' dir='ltr'><strong>Cui</strong></span> <span class='ocrx_word' id='word_1_911' title='bbox 334 2781 489 2816; x_wconf 74' lang='lat' dir='ltr'><strong>promiserat</strong></span> <span class='ocrx_word' id='word_1_912' title='bbox 501 2780 573 2808; x_wconf 76' lang='lat' dir='ltr'><strong>Deus</strong></span> <span class='ocrx_word' id='word_1_913' title='bbox 587 2788 705 2809; x_wconf 71' lang='lat' dir='ltr'><strong>sermone</strong></span> <span class='ocrx_word' id='word_1_914' title='bbox 719 2790 771 2809; x_wconf 88' lang='lat' dir='ltr'><strong>non</strong></span> <span class='ocrx_word' id='word_1_915' title='bbox 785 2791 869 2810; x_wconf 75' lang='lat' dir='ltr'><strong>cauo.</strong></span> <span class='ocrx_word' id='word_1_916' title='bbox 886 2781 952 2810; x_wconf 91' lang='lat' dir='ltr'><strong>Pro-</strong></span> 
     </span>
    </p>
   </div>
   <div class='ocr_carea' id='block_1_73' title="bbox 166 2816 949 2852">
    <p class='ocr_par' dir='ltr' id='par_1_73' title="bbox 166 2816 949 2852">
     <span class='ocr_line' id='line_1_74' title="bbox 166 2816 949 2852; baseline 0.001 -8"><span class='ocrx_word' id='word_1_917' title='bbox 166 2819 274 2844; x_wconf 86' lang='lat' dir='ltr'><strong>misisse</strong></span> <span class='ocrx_word' id='word_1_918' title='bbox 297 2816 382 2852; x_wconf 82' lang='lat' dir='ltr'><strong>Deum</strong></span> <span class='ocrx_word' id='word_1_919' title='bbox 403 2825 482 2851; x_wconf 89' lang='lat' dir='ltr'><strong>opem</strong></span> <span class='ocrx_word' id='word_1_920' title='bbox 499 2817 628 2845; x_wconf 88' lang='lat' dir='ltr'><strong>omnibus</strong></span> <span class='ocrx_word' id='word_1_921' title='bbox 652 2824 701 2852; x_wconf 88' lang='lat' dir='ltr'><strong>pro</strong></span> <span class='ocrx_word' id='word_1_922' title='bbox 719 2821 820 2852; x_wconf 81' lang='lat' dir='ltr'><strong>quibus</strong></span> <span class='ocrx_word' id='word_1_923' title='bbox 843 2818 949 2852; x_wconf 88' lang='lat' dir='ltr'><strong>suppli-</strong></span> 
     </span>
    </p>
   </div>
   <div class='ocr_carea' id='block_1_74' title="bbox 167 2851 950 2888">
    <p class='ocr_par' dir='ltr' id='par_1_74' title="bbox 167 2851 950 2888">
     <span class='ocr_line' id='line_1_75' title="bbox 167 2851 950 2888; baseline 0.003 -10"><span class='ocrx_word' id='word_1_924' title='bbox 167 2858 260 2879; x_wconf 80' lang='lat' dir='ltr'><strong>casset</strong></span> <span class='ocrx_word' id='word_1_925' title='bbox 275 2852 304 2879; x_wconf 90' lang='lat' dir='ltr'><strong>S.</strong></span> <span class='ocrx_word' id='word_1_926' title='bbox 324 2851 480 2887; x_wconf 85' lang='lat' dir='ltr'><strong>Dionysius,</strong></span> <span class='ocrx_word' id='word_1_927' title='bbox 495 2859 595 2886; x_wconf 75' lang='lat' dir='ltr'><strong>przeter</strong></span> <span class='ocrx_word' id='word_1_928' title='bbox 611 2851 778 2888; x_wconf 80' lang='lat' dir='ltr'><strong>Ilelgaudum</strong></span> <span class='ocrx_word' id='word_1_929' title='bbox 796 2851 950 2881; x_wconf 82' lang='lat' dir='ltr'><strong>Floriacen-</strong></span> 
     </span>
    </p>
   </div>
   <div class='ocr_carea' id='block_1_75' title="bbox 166 2887 949 2923">
    <p class='ocr_par' dir='ltr' id='par_1_75' title="bbox 166 2887 949 2923">
     <span class='ocr_line' id='line_1_76' title="bbox 166 2887 949 2923; baseline 0.003 -8"><span class='ocrx_word' id='word_1_930' title='bbox 166 2894 226 2916; x_wconf 75' lang='lat' dir='ltr'><strong>seoi</strong></span> <span class='ocrx_word' id='word_1_931' title='bbox 245 2888 289 2915; x_wconf 89' lang='lat' dir='ltr'><strong>hic</strong></span> <span class='ocrx_word' id='word_1_932' title='bbox 307 2887 457 2923; x_wconf 74' lang='lat' dir='ltr'><strong>laudatum,</strong></span> <span class='ocrx_word' id='word_1_933' title='bbox 471 2894 553 2917; x_wconf 82' lang='lat' dir='ltr'><strong>etiam</strong></span> <span class='ocrx_word' id='word_1_934' title='bbox 568 2887 684 2917; x_wconf 74' lang='lat' dir='ltr'><strong>testatus</strong></span> <span class='ocrx_word' id='word_1_935' title='bbox 701 2894 742 2918; x_wconf 85' lang='lat' dir='ltr'><strong>est</strong></span> <span class='ocrx_word' id='word_1_936' title='bbox 761 2889 906 2919; x_wconf 81' lang='lat' dir='ltr'><strong>Hilduinus</strong></span> <span class='ocrx_word' id='word_1_937' title='bbox 921 2889 949 2917; x_wconf 93' lang='lat' dir='ltr'><strong>iu</strong></span> 
     </span>
    </p>
   </div>
   <div class='ocr_carea' id='block_1_76' title="bbox 1003 2599 1796 2637">
    <p class='ocr_par' dir='ltr' id='par_1_76' title="bbox 1003 2599 1796 2637">
     <span class='ocr_line' id='line_1_77' title="bbox 1003 2599 1796 2637; baseline -0.005 -7"><span class='ocrx_word' id='word_1_938' title='bbox 1003 2599 1163 2637; x_wconf 74' lang='lat' dir='ltr'><strong>intpetrdbit.</strong></span> <span class='ocrx_word' id='word_1_939' title='bbox 1180 2601 1274 2637; x_wconf 75' lang='lat' dir='ltr'><strong>Refert</strong></span> <span class='ocrx_word' id='word_1_940' title='bbox 1284 2603 1380 2629; x_wconf 83' lang='lat' dir='ltr'><strong>cadent</strong></span> <span class='ocrx_word' id='word_1_941' title='bbox 1393 2602 1480 2637; x_wconf 70' lang='lat' dir='ltr'><strong>verba</strong></span> <span class='ocrx_word' id='word_1_942' title='bbox 1493 2599 1654 2637; x_wconf 66' lang='lat' dir='ltr'><strong>(indicimus</strong></span> <span class='ocrx_word' id='word_1_943' title='bbox 1667 2599 1796 2637; x_wconf 65' lang='lat' dir='ltr'><strong>mangius</strong></span> 
     </span>
    </p>
   </div>
   <div class='ocr_carea' id='block_1_77' title="bbox 1006 2634 1795 2669">
    <p class='ocr_par' dir='ltr' id='par_1_77' title="bbox 1006 2634 1795 2669">
     <span class='ocr_line' id='line_1_78' title="bbox 1006 2634 1795 2669; baseline -0.003 -5"><span class='ocrx_word' id='word_1_944' title='bbox 1006 2634 1111 2666; x_wconf 51' lang='lat' dir='ltr'><strong>in&#39;Vita</strong></span> <span class='ocrx_word' id='word_1_945' title='bbox 1127 2638 1157 2665; x_wconf 75' lang='grc' dir='ltr'>ὃ.</span> <span class='ocrx_word' id='word_1_946' title='bbox 1172 2636 1314 2664; x_wconf 87' lang='lat' dir='ltr'><strong>Ludovici.</strong></span> <span class='ocrx_word' id='word_1_947' title='bbox 1331 2636 1453 2664; x_wconf 87' lang='lat' dir='ltr'><strong>Similem</strong></span> <span class='ocrx_word' id='word_1_948' title='bbox 1466 2643 1483 2662; x_wconf 82' lang='lat' dir='ltr'><strong>a</strong></span> <span class='ocrx_word' id='word_1_949' title='bbox 1501 2634 1616 2662; x_wconf 88' lang='lat' dir='ltr'><strong>Dotnino</strong></span> <span class='ocrx_word' id='word_1_950' title='bbox 1630 2636 1795 2669; x_wconf 60' lang='lat' dir='ltr'><strong>promissio.</strong></span> 
     </span>
    </p>
   </div>
   <div class='ocr_carea' id='block_1_78' title="bbox 1008 2670 1796 2707">
    <p class='ocr_par' dir='ltr' id='par_1_78' title="bbox 1008 2670 1796 2707">
     <span class='ocr_line' id='line_1_79' title="bbox 1008 2670 1796 2707; baseline -0.005 -6"><span class='ocrx_word' id='word_1_951' title='bbox 1008 2680 1068 2701; x_wconf 88' lang='lat' dir='ltr'><strong>nem</strong></span> <span class='ocrx_word' id='word_1_952' title='bbox 1085 2680 1179 2707; x_wconf 68' lang='lat' dir='ltr'><strong>preces</strong></span> <span class='ocrx_word' id='word_1_953' title='bbox 1193 2673 1221 2701; x_wconf 93' lang='lat' dir='ltr'><strong>S.</strong></span> <span class='ocrx_word' id='word_1_954' title='bbox 1237 2672 1289 2699; x_wconf 77' lang='lat' dir='ltr'><strong>\liti</strong></span> <span class='ocrx_word' id='word_1_955' title='bbox 1304 2671 1432 2707; x_wconf 80' lang='lat' dir='ltr'><strong>martyris</strong></span> <span class='ocrx_word' id='word_1_956' title='bbox 1448 2670 1619 2707; x_wconf 58' lang='lat' dir='ltr'><strong>subsecutum</strong></span> <span class='ocrx_word' id='word_1_957' title='bbox 1634 2677 1708 2707; x_wconf 77' lang='lat' dir='ltr'><strong>esse,</strong></span> <span class='ocrx_word' id='word_1_958' title='bbox 1723 2672 1796 2697; x_wconf 79' lang='lat' dir='ltr'><strong>scri-</strong></span> 
     </span>
    </p>
   </div>
   <div class='ocr_carea' id='block_1_79' title="bbox 1007 2703 1794 2736">
    <p class='ocr_par' dir='ltr' id='par_1_79' title="bbox 1007 2703 1794 2736">
     <span class='ocr_line' id='line_1_80' title="bbox 1007 2703 1794 2736; baseline -0.005 -1"><span class='ocrx_word' id='word_1_959' title='bbox 1007 2710 1046 2736; x_wconf 85' lang='lat' dir='ltr'><strong>bit</strong></span> <span class='ocrx_word' id='word_1_960' title='bbox 1071 2703 1251 2735; x_wconf 79' lang='lat' dir='ltr'><strong>Wilicbindus</strong></span> <span class='ocrx_word' id='word_1_961' title='bbox 1278 2708 1324 2734; x_wconf 86' lang='lat' dir='ltr'><strong>lib.</strong></span> <span class='ocrx_word' id='word_1_962' title='bbox 1350 2703 1385 2734; x_wconf 54' lang='grc' dir='ltr'><strong>ιι-</strong></span> <span class='ocrx_word' id='word_1_963' title='bbox 1406 2706 1546 2732; x_wconf 73' lang='lat' dir='ltr'><strong>Gestorum</strong></span> <span class='ocrx_word' id='word_1_964' title='bbox 1570 2703 1794 2731; x_wconf 67' lang='lat' dir='ltr'><strong>Saxonicorum:</strong></span> 
     </span>
    </p>
   </div>
   <div class='ocr_carea' id='block_1_80' title="bbox 1010 2739 1794 2778">
    <p class='ocr_par' dir='ltr' id='par_1_80' title="bbox 1010 2739 1794 2778">
     <span class='ocr_line' id='line_1_81' title="bbox 1010 2739 1794 2778; baseline -0.006 -7"><span class='ocrx_word' id='word_1_965' title='bbox 1010 2753 1020 2770; x_wconf 69' lang='grc' dir='ltr'><strong>ε</strong></span> <span class='ocrx_word' id='word_1_966' title='bbox 1039 2744 1113 2770; x_wconf 89' lang='lat' dir='ltr'><strong>llattc</strong></span> <span class='ocrx_word' id='word_1_967' title='bbox 1129 2751 1232 2776; x_wconf 87' lang='lat' dir='ltr'><strong>vocem,</strong></span> <span class='ocrx_word' id='word_1_968' title='bbox 1248 2745 1344 2778; x_wconf 83' lang='lat' dir='ltr'><strong>inquit,</strong></span> <span class='ocrx_word' id='word_1_969' title='bbox 1357 2742 1501 2770; x_wconf 77' lang='lat' dir='ltr'><strong>subsecuta</strong></span> <span class='ocrx_word' id='word_1_970' title='bbox 1513 2746 1556 2768; x_wconf 90' lang='lat' dir='ltr'><strong>est.</strong></span> <span class='ocrx_word' id='word_1_971' title='bbox 1569 2740 1680 2778; x_wconf 76' lang='lat' dir='ltr'><strong>sponsio</strong></span> <span class='ocrx_word' id='word_1_972' title='bbox 1691 2739 1794 2767; x_wconf 74' lang='lat' dir='ltr'><strong>divinae</strong></span> 
     </span>
    </p>
   </div>
   <div class='ocr_carea' id='block_1_81' title="bbox 1008 2776 1794 2814">
    <p class='ocr_par' dir='ltr' id='par_1_81' title="bbox 1008 2776 1794 2814">
     <span class='ocr_line' id='line_1_82' title="bbox 1008 2776 1794 2814; baseline -0.008 -7"><span class='ocrx_word' id='word_1_973' title='bbox 1008 2779 1198 2814; x_wconf 86' lang='lat' dir='ltr'><strong>promissionis</strong></span> <span class='ocrx_word' id='word_1_974' title='bbox 1214 2785 1272 2806; x_wconf 89' lang='lat' dir='ltr'><strong>rata</strong></span> <span class='ocrx_word' id='word_1_975' title='bbox 1285 2776 1320 2805; x_wconf 58' lang='grc' dir='ltr'><strong>ἐι</strong></span> <span class='ocrx_word' id='word_1_976' title='bbox 1335 2780 1416 2814; x_wconf 85' lang='lat' dir='ltr'><strong>iirma</strong></span> <span class='ocrx_word' id='word_1_977' title='bbox 1426 2784 1487 2803; x_wconf 84' lang='lat' dir='ltr'><strong>esse</strong></span> <span class='ocrx_word' id='word_1_978' title='bbox 1510 2776 1601 2814; x_wconf 81' lang='lat' dir='ltr'><strong>omnia</strong></span> <span class='ocrx_word' id='word_1_979' title='bbox 1616 2782 1678 2810; x_wconf 70' lang='lat' dir='ltr'><strong>qua:</strong></span> <span class='ocrx_word' id='word_1_980' title='bbox 1695 2783 1794 2814; x_wconf 70' lang='lat' dir='ltr'><strong>rogas-</strong></span> 
     </span>
    </p>
   </div>
   <div class='ocr_carea' id='block_1_82' title="bbox 1004 2811 1792 2845">
    <p class='ocr_par' dir='ltr' id='par_1_82' title="bbox 1004 2811 1792 2845">
     <span class='ocr_line' id='line_1_83' title="bbox 1004 2811 1792 2845; baseline -0.01 -1"><span class='ocrx_word' id='word_1_981' title='bbox 1004 2811 1058 2844; x_wconf 65' lang='lat' dir='ltr'><strong>sct.</strong></span> <span class='ocrx_word' id='word_1_982' title='bbox 1078 2825 1087 2841; x_wconf 76' lang='grc' dir='ltr'><strong><em>ι</em></strong></span> <span class='ocrx_word' id='word_1_983' title='bbox 1107 2818 1144 2843; x_wconf 85' lang='lat' dir='ltr'><strong>De</strong></span> <span class='ocrx_word' id='word_1_984' title='bbox 1168 2815 1305 2842; x_wconf 84' lang='lat' dir='ltr'><strong>Gertrude</strong></span> <span class='ocrx_word' id='word_1_985' title='bbox 1326 2815 1344 2841; x_wconf 84' lang='grc' dir='ltr'><strong>ι.</strong></span> <span class='ocrx_word' id='word_1_986' title='bbox 1374 2821 1382 2840; x_wconf 89' lang='grc'><strong>1</strong></span> <span class='ocrx_word' id='word_1_987' title='bbox 1405 2813 1635 2843; x_wconf 73' lang='lat' dir='ltr'><strong>Insinuationum,</strong></span> <span class='ocrx_word' id='word_1_988' title='bbox 1660 2818 1722 2845; x_wconf 83' lang='lat' dir='ltr'><strong>cap.</strong></span> <span class='ocrx_word' id='word_1_989' title='bbox 1741 2811 1792 2842; x_wconf 68' lang='lat'><strong>25,</strong></span> 
     </span>
    </p>
   </div>
   <div class='ocr_carea' id='block_1_83' title="bbox 1004 2845 1792 2886">
    <p class='ocr_par' dir='ltr' id='par_1_83' title="bbox 1004 2845 1792 2886">
     <span class='ocr_line' id='line_1_84' title="bbox 1004 2845 1792 2886; baseline -0.009 -7"><span class='ocrx_word' id='word_1_990' title='bbox 1004 2851 1154 2883; x_wconf 65' lang='lat' dir='ltr'><strong>scribitur,</strong></span> <span class='ocrx_word' id='word_1_991' title='bbox 1184 2859 1232 2886; x_wconf 91' lang='lat' dir='ltr'><strong>pro</strong></span> <span class='ocrx_word' id='word_1_992' title='bbox 1258 2857 1424 2885; x_wconf 83' lang='lat' dir='ltr'><strong>quocunque</strong></span> <span class='ocrx_word' id='word_1_993' title='bbox 1452 2847 1678 2882; x_wconf 86' lang='lat' dir='ltr'><strong>benignissimum</strong></span> <span class='ocrx_word' id='word_1_994' title='bbox 1704 2845 1792 2872; x_wconf 87' lang='lat' dir='ltr'><strong>Deum</strong></span> 
     </span>
    </p>
   </div>
   <div class='ocr_carea' id='block_1_84' title="bbox 1004 2886 1792 2923">
    <p class='ocr_par' dir='ltr' id='par_1_84' title="bbox 1004 2886 1792 2923">
     <span class='ocr_line' id='line_1_85' title="bbox 1004 2886 1792 2923; baseline -0.009 -7"><span class='ocrx_word' id='word_1_995' title='bbox 1004 2889 1114 2923; x_wconf 71' lang='lat' dir='ltr'><strong>negotio</strong></span> <span class='ocrx_word' id='word_1_996' title='bbox 1131 2887 1284 2920; x_wconf 75' lang='lat' dir='ltr'><strong>invocaret,</strong></span> <span class='ocrx_word' id='word_1_997' title='bbox 1299 2886 1326 2914; x_wconf 84' lang='lat' dir='ltr'><strong>id</strong></span> <span class='ocrx_word' id='word_1_998' title='bbox 1343 2893 1440 2914; x_wconf 65' lang='lat' dir='ltr'><strong>etcum</strong></span> <span class='ocrx_word' id='word_1_999' title='bbox 1455 2889 1586 2918; x_wconf 74' lang='lat' dir='ltr'><strong>pI&#39;Oapel’O</strong></span> <span class='ocrx_word' id='word_1_1000' title='bbox 1602 2889 1712 2916; x_wconf 84' lang='lat' dir='ltr'><strong>semper</strong></span> <span class='ocrx_word' id='word_1_1001' title='bbox 1728 2890 1792 2909; x_wconf 79' lang='lat' dir='ltr'><strong>suc-</strong></span> 
     </span>
    </p>
   </div>
  </div>
