1929 3092
151 208 200 236 8M

607 209 702 242 VITA,
716 207 818 237 AUCT.
835 208 867 238 P.
885 207 1036 236 HALLOIX
1057 207 1132 237 50C.
1149 207 1242 236 JESU.

1715 208 1768 236 862

150 273 303 293 cessurum.
317 266 391 294 Dixit
407 267 489 294 etiam
511 267 542 296 S.
565 267 734 300 Dominicus,
749 267 796 295 ille
811 267 933 295 Domini-
948 271 969 300 Α
985 267 1065 300 gandi
1092 272 1182 294 tamen
1204 265 1384 294 Floriacensis
1412 264 1539 293 monachi
1568 269 1596 292 et
1624 265 1767 299 scriptoris

151 309 228 328 can-te
242 301 371 337 fundator
384 307 412 329 et
426 306 502 337 pater
520 302 640 334 familias,
656 308 739 335 atque
753 304 822 330 adeo
834 311 889 337 prae
905 310 935 330 se

153 337 224 372 tulit,
246 343 279 363 ac
303 336 383 364 rebus
402 338 469 372 ipsis
486 337 617 369 ostendit,
638 337 704 364 nihil
730 345 760 365 se
782 336 903 372 unquam
918 345 934 364 ιι

152 371 266 398 Domino
285 371 440 406 poposcisse
459 373 523 407 quin
541 373 739 405 impetraverit.
762 373 800 399 Ac
825 371 859 399 ne
890 372 934 399 cui

152 407 234 433 nimis
250 407 307 434 hac
320 407 388 433 mira
403 407 555 439 videantur,
574 408 661 441 ipsum
678 407 761 434 divini
784 407 935 434 Psalmista:

152 441 314 468 audiendum
326 446 368 469 est
381 442 563 469 testimonium
578 442 650 470 Psal.
663 450 753 474 cxuv,
767 442 801 470 l9
814 450 821 468 :
838 441 937 469 Volun-

152 481 231 502 tatem
255 476 336 512 526
358 477 504 503 timentium
523 486 550 504 se
566 477 654 512 faciet,
674 483 697 505 et
724 477 935 512 deprecationem

151 519 242 537 eorum
258 512 394 544 exaudiet,
409 518 432 538 et
449 512 534 539 salvos
549 513 628 546 faciet
640 521 695 540 eos.
712 513 782 545 Quin
795 517 822 539 et
839 516 932 539 nostra

151 553 236 580 prope
249 550 329 573 relate
344 546 373 574 S.
388 546 518 574 Theresia
531 547 740 575 Carmelitaruin
755 546 933 574 discalceato-

150 588 210 607 rum
233 585 330 615 mater,
354 582 406 609 sibi
429 587 489 609 esse
511 590 526 609 a
549 582 664 610 Domino
679 582 830 609 revelatum
853 581 931 612 dixit,

151 615 287 642 neminem
300 617 449 651 quidquam
469 617 496 644 in
513 618 624 645 nomine
638 617 667 645 Β,
689 618 762 645 I’etri
779 618 935 643 Alcantarae

150 658 165 676 a
190 651 246 686 Deo
263 652 421 685 petiturum,
443 653 510 686 quin
528 657 601 679 esset
625 653 836 686 iiiipeti-aturus;
856 659 888 678 ac
904 658 934 678 se

150 685 259 722 quidem
275 687 366 713 multis
391 689 417 713 in
435 685 518 714 relius
543 685 670 721 promissi
693 686 773 721 hujus
792 691 932 722 expertam

149 720 462 757 veritatemﬁdeVitam
472 722 530 757 ejus
540 720 573 749 ab
583 723 696 757 ipsumet
704 720 838 757 scriptam,
852 730 875 748 c.
886 720 932 748 24.

260 755 367 792 ςιιίΙίει.
384 757 418 784 de
437 755 537 792 Naiigis
551 757 568 783 l.
583 755 621 784 De
639 758 718 790 gestis
736 755 767 784 Si
793 756 930 784 Ludovici.

151 807 155 810 ν
183 791 240 827 (51.)
257 790 331 827 Istis,
344 799 403 826 qua:
416 792 444 818 in
457 790 509 818 liac—
524 800 617 827 genere
635 794 778 827 praecipua,
792 797 847 818 etc.
862 792 929 827 riam

148 830 175 852 et
189 826 240 853 alia
256 827 282 853 in
295 826 358 855 aliis
369 827 450 862 adjici
463 826 585 863 possent,
599 828 623 856 si
644 835 757 856 necesse
771 826 851 855 foret.
864 826 928 853 Hel-

1000 303 1061 336 quia
1075 302 1203 329 nonnulla
1218 301 1297 328 nobis
1313 301 1505 336 suppeditavit)
1524 300 1571 327 ﬁet
1584 300 1673 336 aliqua
1689 307 1768 327 nien-

988 334 1036 364 iio.
1059 337 1085 363 Is
1108 338 1191 371 igitur
1211 337 1237 364 in
1252 335 1335 364 fundo
1352 336 1469 363 ρωποι)Ῑί
1485 334 1667 371 Floriacensjs
1681 335 1768 363 aedem

1007 369 1132 399 arvttlani
1158 371 1313 399 construxit
1337 372 1363 398 in
1394 371 1525 398 honorem
1552 369 1603 398 SS.
1634 370 1766 405 Dionysii,

1014 408 1092 434 ustlci
1113 412 1140 434 et
1165 406 1312 434 Eleutherii
1330 415 1337 433 :
1361 413 1413 439 qua
1434 413 1463 432 re
1488 405 1636 436 intellecta,
1652 405 1728 431 misit
1742 406 1767 433 ei

989 442 1124 469 Robertus
1152 442 1319 469 Francorum
1344 448 1393 468 rex
1419 441 1577 468 eorumdem
1608 445 1765 467 sanctorum

988 478 1135 504 nonnullas
1153 476 1292 511 reliquias,
1316 483 1332 503 e
1349 476 1440 503 casula
1455 475 1565 511 scilicet?
1578 475 1608 502 S.
1629 475 1766 511 Dionysii,

983 520 999 539 e
1014 512 1160 539 dalntatica
1176 510 1343 543 SIBustici,
1359 519 1374 538 e
1389 510 1479 537 casula
1495 510 1525 536 S.
1548 510 1707 542 lilentherii,
1723 515 1766 536 at-

986 554 1039 582 qtte
1057 555 1072 574 e
1085 546 1259 582 vestimentis
1269 547 1426 573 eorumdem
1443 545 1574 582 sanguine
1588 545 1718 582 aspersis,
1740 549 1767 582 et

984 579 1018 609 de
1032 589 1176 615 corporum
1192 581 1361 616 pulveribns,
1376 587 1428 607 nec
1449 587 1500 607 non
1522 579 1557 607 de
1575 580 1677 616 triplici
1688 580 1767 616 luni-

984 618 1046 644 culo
1061 614 1116 651 quo
1143 614 1273 643 astrictus
1300 617 1387 643 fuerat
1410 620 1649 651 sanctnsmartyi:
1665 614 1767 649 Diony-

985 653 1052 679 sius.
1068 649 1169 678 Horum
1184 652 1260 678 testis
1274 655 1315 678 cst
1337 651 1394 686 ipse
1412 649 1567 684 Helgaudiis
1591 651 1617 676 in
1630 649 1766 686 Boberto,

985 694 1048 721 rege
1068 686 1250 713 Francorum.
1264 686 1319 713 Nec
1332 684 1397 713 vero
1413 686 1609 721 canonicorum
1630 684 1767 721 theineii-

987 719 1057 748 sitim
1072 722 1159 756 pietas
1182 721 1370 755 praetereunda
1382 725 1433 756 est,
1451 721 1496 755 qui
1513 720 1643 754 templum
1659 719 1689 756 ὃ,
1705 719 1767 746 Dio-

987 754 1259 791 nysio'mdilicarunt
1275 765 1282 783 :
1304 756 1376 790 quod
1392 754 1522 783 Ilerkus
1542 754 1703 791 ltbeiiiensis
1722 762 1766 781 ar-

983 790 1186 827 chiepiscopus,
1207 796 1278 820 teste
1295 791 1461 824 Flodoardo,
1481 791 1520 818 lib
1547 797 1583 823 iv,
1600 798 1625 818 c.
1641 790 1686 824 l5,
1702 796 1767 817 con-

981 827 1109 854 secravit.

827 973 943 1003 CAPUT
962 973 1082 1003 XXVIII.

430 1031 460 1059 S.
474 1031 597 1067 Dionysii
614 1031 689 1059 varia
707 1031 735 1059 in
753 1032 840 1059 uarios
854 1037 877 1060 et
891 1031 964 1060 uario
981 1032 1011 1059 in
1025 1039 1117 1065 genere
1135 1036 1194 1064 post
1208 1034 1320 1058 mortem
1334 1029 1473 1058 miracula.

182 1089 350 1125 Omniaqnie
363 1087 395 1117 Β.
409 1089 554 1124 Dionysius
566 1093 628 1124 post
646 1096 789 1117 excessum
809 1089 842 1116 ad
857 1096 972 1124 superos
986 1089 1062 1116 vario
1081 1089 1108 1116 in
1122 1097 1222 1125 genere
1237 1090 1404 1125 perpetravit
1422 1088 1567 1122 miracula,
1586 1092 1612 1117 et
1636 1089 1769 1125 pervesti-

147 1134 212 1162 gare
228 1124 376 1152 studiosius
396 1125 477 1162 niniis
490 1125 648 1162 ttcdiosum,
667 1129 695 1152 et
709 1125 873 1162 accuratius
887 1132 1018 1162 enarrare
1034 1125 1117 1162 nimis
1130 1124 1276 1162 operosum
1288 1124 1364 1162 esset
1379 1125 1527 1162 :Aproinde
1548 1124 1684 1162 praecipua
1699 1125 1769 1162 dnu-

150 1159 225 1188 iaxat
241 1163 269 1186 et
288 1167 374 1194 pauca
398 1161 526 1186 referam.
550 1159 578 1186 lit
593 1159 693 1194 quibus
716 1165 810 1187 tenere
835 1160 1019 1195 principatum
1044 1160 1108 1187 illud
1134 1161 1226 1193 debet,
1251 1161 1322 1195 quod
1343 1160 1369 1187 in
1394 1160 1533 1195 Stephano
1548 1159 1769 1194 pontiﬁce,ejus

150 1195 269 1223 nominis
286 1195 381 1227 tertio,
396 1195 422 1230 in
440 1202 567 1229 magnum
591 1195 720 1230 Ecclesia:
743 1196 842 1222 bunum
866 1194 937 1222 idem
961 1194 1105 1230 Dionysius
1123 1195 1289 1229 designavit.
1308 1194 1392 1229 Cujus
1411 1195 1522 1230 quidem
1548 1195 1688 1227 miraculi,
1714 1202 1770 1229 quo

149 1230 252 1258 certior
267 1235 358 1265 exstet
374 1229 452 1260 ﬁdes.
465 1237 498 1256 ex
512 1230 657 1265 ipsiiismet
670 1229 802 1265 Stephani
820 1230 931 1263 litteris,
950 1237 1011 1264 quae
1036 1230 1170 1264 hodieque
1183 1230 1210 1256 iii
1227 1235 1354 1265 promptu
1376 1229 1450 1261 sunt,
1465 1230 1580 1258 collecta
1594 1230 1696 1257 veritas
1714 1235 1769 1257 est.

151 1264 200 1294 llic
215 1265 299 1300 igitur
322 1264 479 1298 Stephanus
498 1266 531 1291 ab
552 1264 697 1298 Aisiulpho
713 1264 955 1299 Longobardoruni
981 1273 1044 1300 ri-ge
1064 1266 1162 1300 inique
1185 1264 1346 1299 oppressus,
1362 1265 1491 1300 expetitis
1509 1265 1610 1292 frustra
1631 1265 1664 1291 ab
1681 1265 1769 1299 impe-

151 1299 242 1329 ratore
263 1299 566 1333 Constantinopolitano
588 1299 708 1332 auitiliis,
725 1301 832 1326 demunt
852 1300 885 1326 ad
914 1299 1038 1334 Pipinunt
1061 1299 1231 1327 Francorum
1254 1308 1355 1335 regem,
1372 1299 1405 1328 si,
1425 1300 1489 1335 quid
1511 1300 1534 1327 is
1559 1300 1630 1327 forte
1652 1299 1766 1326 subsidii

151 1337 272 1368 all'erret,
290 1342 319 1362 se
340 1335 473 1370 contulit;
490 1335 532 1362 cui
550 1341 596 1362 rex
614 1335 778 1370 perbciiigue
792 1339 819 1362 et
831 1335 1038 1370 perhumaniter
1049 1341 1174 1370 excepto,
1186 1340 1268 1370 atque
1283 1334 1309 1362 iii
1325 1336 1356 1363 Β.
1373 1335 1492 1370 Dionysii
1507 1334 1631 1363 cinnobio
1646 1343 1694 1370 per
1709 1335 1769 1362 hie-

148 1379 223 1405 Διιιιξιιι
237 1369 367 1404 hospitari
381 1369 468 1403 jusso,
480 1370 624 1405 spopondit
637 1377 666 1396 se
677 1369 801 1404 proximo
816 1376 879 1397 \ere
896 1370 923 1397 in
935 1369 1108 1404 Aistulpltum
1118 1369 1280 1403 ducturum,
1295 1375 1322 1397 et
1337 1378 1415 1405 opem
1429 1369 1535 1397 alllicttc
1547 1370 1641 1402 Italiae,
1653 1370 1768 1405 urbique

154 1407 205 1440 ipsi
219 1410 246 1433 et
268 1405 386 1440 pontiﬁci
416 1405 534 1439 quietem
551 1409 578 1432 et
601 1412 694 1440 pacem
718 1405 874 1433 allaturum.
894 1405 1036 1440 Stephano
1051 1406 1154 1433 interea
1182 1411 1236 1432 tam
1261 1414 1294 1433 ex
1315 1406 1441 1433 itinerum
1466 1406 1618 1437 laboribus.
1636 1412 1717 1439 quam
1735 1413 1769 1432 ex

155 1440 262 1475 injuriis
279 1445 429 1474 temporum
446 1440 607 1474 gravissime
631 1440 776 1476 laboranti.
792 1445 820 1467 et
831 1441 974 1475 desperata
988 1441 1045 1475 jam
1059 1441 1222 1472 valetudine,
1238 1441 1439 1476 IlustlllulllJIISI
1461 1441 1488 1468 iii
1504 1440 1560 1468 Deo
1575 1445 1603 1467 et
1618 1441 1643 1467 in
1666 1441 1769 1468 sanctis

153 1484 216 1510 spes
229 1483 292 1503 suas
309 1476 459 1510 reponenti,
474 1483 538 1503 ecce
551 1475 613 1502 dum
634 1475 660 1502 in
674 1476 733 1503 atde
755 1482 835 1502 sacra
852 1483 947 1510 preces
971 1476 1070 1509 tundit,
1086 1483 1134 1510 per
1155 1477 1243 1503 visum
1267 1480 1400 1510 apparent
1422 1476 1561 1510 principes
1582 1475 1768 1510 apostolorum

153 1511 250 1538 Petrus
265 1515 292 1538 et
308 1509 418 1543 Paulus,
433 1515 460 1537 et
472 1510 601 1546 cumrillis
618 1518 672 1546 una
687 1510 779 1545 templi
792 1509 892 1545 praeses
903 1514 932 1537 ὃ.
950 1509 1104 1546 Dionysius,
1121 1516 1149 1538 et
1165 1512 1209 1538 ltic
1225 1509 1334 1545 quidem
1347 1509 1441 1546 gracili
1461 1518 1494 1538 ac
1509 1509 1624 1545 procero
1639 1518 1767 1545 corpore,

153 1547 228 1574 vultu
247 1552 368 1582 amomo,
380 1551 459 1582 coma
475 1545 600 1582 candida,
618 1545 708 1582 tunica
730 1546 805 1582 nivea
824 1546 901 1572 clavo
919 1545 1056 1582 purpureo
1073 1547 1179 1582 juncta,
1197 1547 1278 1581 pallio
1297 1545 1469 1582 conchyliato
1485 1546 1601 1582 stelluli;
1619 1548 1709 1573 aureis
1723 1545 1767 1573 in-

154 1586 294 1608 tertexto:
317 1584 344 1607 et
358 1580 386 1607 hi
403 1580 475 1617 inter
489 1588 549 1617 sese
571 1580 631 1607 latio
648 1588 680 1607 ac
701 1581 780 1607 hilari
805 1588 853 1607 ore
877 1580 1105 1613 serinociitantes.
1130 1580 1255 1617 Dionysio
1274 1580 1398 1609 medendi
1419 1588 1517 1608 manus
1540 1580 1689 1617 deferunt;
1711 1584 1768 1608 tum

153 1617 198 1643 ille
211 1617 327 1651 palmam
350 1618 376 1641 et
395 1615 561 1642 thuribuluin
587 1623 667 1642 manu
684 1620 806 1650 gestans,
823 1617 984 1651 presbytero
1005 1621 1033 1643 et
1055 1617 1181 1649 diacono,
1198 1615 1244 1650 qui
1265 1624 1387 1643 seorsum
1409 1616 1499 1643 adhuc
1519 1620 1661 1647 steterant,
1682 1615 1767 1651 latera

152 1650 339 1687 cingentibus,
357 1651 390 1677 ad
405 1657 507 1684 aegrum
524 1651 635 1684 propius
651 1651 768 1687 aecedit,
792 1650 965 1687 salutatq’uer:
982 1651 1043 1678 Par.
1055 1657 1149 1683 iecum,
1169 1653 1265 1686 frater,
1283 1653 1336 1687 noti
1354 1652 1445 1678 timere
1460 1659 1470 1678 :
1483 1660 1535 1687 non
1551 1651 1672 1687 morieris
1687 1650 1768 1687 d_onec

151 1687 185 1713 ait
203 1685 290 1714 sedem
305 1690 378 1712 tuam
393 1693 515 1719 prospere
524 1686 679 1721 revertaris.
696 1685 781 1720 Surge
796 1694 889 1718 sanus,
901 1685 930 1712 iet
944 1686 992 1712 hoc
1008 1686 1094 1712 altare
1115 1687 1144 1713 in
1160 1688 1286 1713 horrerent
1306 1686 1356 1713 Dei
1372 1692 1395 1712 et
1414 1686 1595 1720 apostolorum
1617 1686 1674 1721 ejus
1694 1685 1768 1713 Petri

150 1727 176 1748 et
191 1721 281 1753 Pauli,
297 1721 464 1756 quosvides,
479 1720 581 1756 dedica.
600 1721 696 1746 missas
709 1721 860 1754 gratiarum
879 1729 969 1754 agens.
986 1721 1052 1748 Erat
1069 1730 1132 1748 vero
1149 1722 1247 1748 ibidem
1263 1723 1303 1751 (tit
1317 1722 1375 1756 ipse
1392 1722 1484 1748 retulit
1499 1721 1550 1749 visi
1566 1720 1645 1755 hujus
1661 1725 1768 1756 specta-

152 1762 195 1794 tor
214 1754 380 1790 Stephanus)
398 1755 594 1794 inaestimabilis
610 1757 733 1794 quaedam
758 1764 818 1794 cuni
843 1756 1075 1794 inira_sua_vitate
1089 1758 1211 1784 claritas.
1234 1756 1297 1783 Mox
1314 1754 1387 1794 ergo
1411 1757 1522 1784 sanitati
1547 1761 1590 1784 est
1613 1754 1766 1794 restitutus.

150 1793 240 1824 Quare
258 1799 317 1817 cuni
342 1790 454 1823 exsequi
471 1791 625 1817 mandatum
645 1791 674 1818 li.
699 1790 819 1825 Dionysii
841 1791 898 1823 jam
920 1791 1065 1818 incolumis
1089 1796 1238 1825 satageret,
1255 1796 1282 1819 et
1305 1790 1518 1819 demonstratam
1541 1799 1618 1818 aram
1635 1793 1660 1818 in
1678 1791 1725 1819 Dei
1740 1796 1768 1819 et

150 1826 336 1861 apostolorum
352 1825 483 1861 honorem
500 1832 673 1856 consecrare,
694 1825 711 1861 i_i
726 1828 772 1860 qui
793 1833 884 1853 coram
902 1827 1026 1858 aderant,
1048 1831 1076 1853 et
1090 1827 1222 1861 pridiana:
1240 1826 1406 1854 inﬁrmitatis
1421 1827 1524 1854 oculati
1539 1831 1622 1854 testes
1646 1826 1765 1858 fuerant,

150 1859 273 1896 desipere
286 1867 347 1888 eum
363 1860 579 1896 arbitrabantur,
596 1861 682 1887 donec
696 1859 794 1895 Pipino
811 1861 879 1895 regi,
900 1866 927 1888 et
941 1859 1118 1895 optimatibus
1133 1866 1214 1896 atque
1230 1862 1390 1896 proceribus
1407 1862 1445 1888 rei
1468 1862 1540 1889 serie
1561 1862 1718 1894 denarrata,
1739 1867 1768 1888 et

150 1895 298 1925 ﬁderilictis
311 1895 415 1932 habita,
430 1895 482 1922 rite
496 1895 581 1922 sacris
598 1901 747 1932 operatus,
760 1903 820 1923 eam
837 1897 922 1930 ipsam
938 1905 1014 1923 arant
1035 1895 1180 1928 dedicavit,
1195 1895 1324 1931 et’super
1337 1905 1368 1924 ea
1390 1897 1500 1931 pallium
1520 1897 1711 1932 apostolicum,
1734 1904 1766 1932 ac

149 1933 222 1960 I'etri
238 1933 339 1963 clavcs,
355 1930 427 1957 velut
439 1937 516 1957 sacra
531 1931 625 1964 qude
639 1941 653 1956 ιι
677 1931 866 1964 anathemata,
884 1932 910 1958 in
929 1932 967 1959 rei
985 1933 1148 1959 memoriam
1166 1930 1303 1966 deposuit.
1318 1930 1412 1959 Anntis
1435 1935 1497 1959 tunc
1513 1930 1645 1967 agebatur
1660 1931 1766 1958 Domini

148 1967 403 2002 septingentesimus
410 1966 649 2002 Quinquagesiinus
656 1971 776 2000 quartus,
785 1967 870 2001 ipsius
877 1972 967 1994 autem
977 1968 1104 2001 Stephani
1113 1976 1187 2002 papa:
1194 1968 1300 1995 tertius.
1308 1967 1406 1994 Fertur
1413 1967 1481 1994 idem
1491 1966 1612 2002 pontifex
1622 1966 1765 1994 nonnullas

149 2001 187 2032 Β(
202 2001 322 2038 Dionysii
341 2002 470 2038 reliquias
489 2009 581 2027 secum
597 2001 712 2038 llum-am
734 2007 900 2038 asportasse,
925 2007 1009 2036 atque
1027 2003 1053 2029 in
1077 2001 1199 2036 ejusdem
1222 2003 1351 2038 martyris
1373 2001 1503 2038 honorem
1527 2002 1721 2029 monasterium
1738 2002 1764 2028 in

148 2044 260 2073 paterno
273 2036 358 2064 Tuiido
371 2036 508 2063 aediﬁcare
519 2036 659 2073 recepisse.
681 2037 752 2071 quod
770 2044 837 2071 opus
854 2042 942 2064 morte
959 2039 1081 2064 auctoris
1096 2036 1408 2073 interceptum,‘l’aulus
1431 2037 1490 2071 ejus
1505 2039 1599 2069 frater,
1615 2043 1643 2064 et
1657 2038 1682 2063 in
1699 2045 1765 2072 pon—

150 2072 253 2101 tiﬁcatu
267 2079 422 2103 successor,
435 2072 579 2105 magniﬁce
598 2073 724 2103 absolvit,
742 2073 935 2106 convectisque
950 2073 975 2099 in
997 2073 1060 2099 illud
1081 2075 1268 2106 compluribus
1284 2072 1335 2101 SS.
1352 2078 1502 2107 martyrum
1519 2073 1683 2107 corporibus
1700 2081 1765 2098 euit-

147 2110 276 2140 sccravit,
293 2113 320 2134 et
336 2106 438 2143 Graecis
455 2107 608 2143 hominibus
626 2108 679 2134 Dco
694 2107 792 2143 ibidem
818 2107 1001 2139 iaiiinlaturis,
1024 2109 1050 2134 in
1067 2109 1225 2135 memoriam
1248 2114 1275 2134 et
1291 2106 1558 2143 ιωιιυωιιιζῡὶοιιγειί
1570 2106 1763 2142 ’Areopagittu,

148 2151 177 2171 ut
191 2144 304 2170 fratrem
321 2142 389 2168 velle
409 2141 552 2177 didicerat,
577 2143 700 2169 attribuit
724 2149 731 2167 :
753 2142 897 2177 locumque
922 2144 962 2169 Att
988 2148 1093 2170 sanctos
1112 2147 1239 2176 martyres
1260 2144 1287 2170 in
1314 2143 1403 2169 scltolu
1421 2141 1586 2175 Craterum,
1605 2141 1763 2177 appellant.

145 2180 235 2213 Atque
249 2179 283 2205 de
299 2177 437 2211 Stephano
455 2175 597 2213 hactenus.

182 2211 332 2247 Quemnam
348 2216 438 2247 autem
452 2211 489 2238 illi
507 2213 678 2245 potissimum
699 2212 909 2247 subjungeuius,
926 2211 1023 2240 similis
1034 2219 1049 2239 a
1067 2212 1096 2241 Β.
1119 2212 1250 2247 Dionysio
1267 2212 1373 2240 collatae
1388 2212 1552 2240 valetudinis
1566 2217 1720 2247 compotem
1736 2217 1765 2239 et

146 2246 340 2276 laudatorem?
361 2246 412 2284 '_I‘e,
430 2247 538 2284 opinor,
560 2248 622 2284 jure
644 2255 725 2282 quam
745 2246 934 2284 meritissimo,
955 2248 1010 2274 dux
1024 2246 1230 2284 Beuholdefet
1251 2248 1322 2274 inter
1337 2248 1442 2284 Anglia:
1456 2250 1539 2275 duces
1561 2246 1636 2284 veriti
1654 2248 1764 2282 pietatis

145 2284 221 2311 cultu
242 2282 469 2311 eminentissime.
485 2282 524 2309 'I‘u
540 2282 612 2309 enim
630 2284 657 2309 in
677 2283 865 2317 gravissimam
882 2283 1028 2317 aliquando
1044 2282 1172 2317 delapsus
1188 2282 1392 2314 inﬁrmitatem,
1412 2290 1473 2309 cum
1487 2290 1501 2309 a
1521 2282 1634 2310 medicis
1651 2290 1764 2316 sperare

146 2319 214 2348 nihil
229 2326 334 2354 posses,
348 2318 381 2344 ad
396 2317 517 2354 molestia
534 2319 675 2354 suspirans
698 2318 923 2354 remediapopeni
939 2327 953 2344 a
971 2317 1003 2344 Β.
1022 2317 1152 2353 Dionysio
1163 2323 1192 2345 et
1206 2319 1288 2345 sociis
1301 2319 1470 2352 martyribus
1483 2319 1655 2345 conﬁdenter
1668 2325 1764 2351 estspe-

145 2352 238 2387 ctasti,
251 2359 278 2381 et
292 2353 453 2387 reportasti.
470 2352 536 2379 Nam
552 2353 644 2381 audito
658 2360 720 2380 esse
732 2353 759 2380 in
775 2352 872 2380 Galliis
885 2354 1044 2380 conumdeni
1059 2352 1219 2380 sanctorum
1233 2360 1358 2387 corpora,
1374 2354 1447 2379 velut
1462 2356 1593 2387 quasdam
1611 2356 1762 2380 eilicaciuiu

145 2390 314 2416 medelarum
339 2388 495 2422 apothecas,
519 2395 571 2422 qua
594 2389 712 2423 pritnum
728 2395 776 2423 per
798 2388 889 2415 Caroli
911 2387 1001 2423 Magni
1020 2389 1086 2422 iittp.
1110 2389 1200 2423 (cujus
1219 2390 1245 2415 in
1269 2389 1406 2423 obsequiis
1426 2389 1582 2423 versahare)
1604 2388 1762 2415 facultatem

145 2426 234 2457 licuit,
249 2424 294 2451 illo
310 2428 335 2450 te
354 2423 505 2456 contulisti,
521 2430 569 2451 eos
586 2422 734 2450 veneratus
748 2422 829 2458 527
843 2431 883 2455 es,
898 2424 932 2450 ab
948 2425 982 2450 iis
996 2424 1142 2450 sanitatem
1155 2422 1350 2457 expostulasti,
1362 2429 1389 2450 et
1411 2424 1507 2458 paucis
1521 2422 1678 2455 admodum,
1701 2425 1766 2457 qiii~

143 2461 195 2487 bus
210 2461 244 2486 atl
260 2467 354 2486 eorum
372 2462 544 2485 monumenta
560 2458 723 2491 decubuisti,
739 2463 837 2486 etenus
854 2459 986 2494 integrata
1008 2459 1087 2493 plane
1104 2465 1137 2485 ac
1158 2459 1271 2494 solidam
1289 2459 1470 2486 valetudinem
1495 2459 1673 2492 recupercsti.
1692 2459 1761 2491 Quid

143 2496 231 2530 ergo!
252 2494 330 2529 Apud
345 2494 479 2530 ingratum
494 2498 523 2519 et
543 2494 733 2530 immemorem
745 2501 779 2530 ea
797 2494 850 2520 l‘uit
862 2495 995 2530 collocata
1011 2494 1121 2529 gratia?
1139 2493 1284 2530 nullusque
1299 2494 1326 2520 in
1342 2499 1462 2530 sanctos
1471 2495 1539 2520 tanti
1556 2494 1683 2530 beneﬁcii
1702 2495 1762 2519 l‘ru-

144 2527 206 2558 citis
221 2527 405 2556 redundavit?
419 2528 474 2554 lino
489 2535 553 2555 vero
571 2529 718 2555 maximus.
742 2528 811 2556 Nam
832 2530 917 2556 aedem
932 2529 986 2556 illis
1009 2527 1117 2556 sacram
1141 2529 1169 2556 iti
1192 2527 1255 2555 villa
1272 2534 1317 2556 tua
1340 2529 1512 2561 exstruxisti,
1529 2534 1560 2558 et.
1575 2529 1649 2556 illam
1673 2528 1760 2563 ipsam

143 2565 237 2592 villam
253 2572 305 2591 una
321 2571 385 2591 cum
408 2570 493 2598 agris,
511 2564 608 2599 pratis,
623 2563 711 2596 silvis,
735 2565 825 2598 aquis,
843 2564 959 2599 campis,
977 2564 1138 2593 haereditate
1160 2573 1174 2591 a
1197 2563 1345 2598 majoribus
1367 2569 1519 2599 acceptam,
1546 2565 1595 2592 sed
1616 2568 1644 2592 et
1666 2568 1762 2598 portus

143 2601 213 2628 duos
230 2600 381 2626 maritimos
395 2599 421 2625 ei
442 2604 520 2625 terra:
535 2598 651 2630 vicinos,
677 2599 758 2625 simul
772 2607 833 2626 cuni
857 2599 965 2632 salinis,
985 2599 1100 2634 aliisque
1116 2601 1211 2627 codem
1227 2598 1443 2634 pertinentibus,
1457 2607 1588 2634 perquam
1610 2599 1711 2633 insigni
1734 2603 1762 2626 et

143 2636 250 2671 prolixa
270 2634 450 2671 benignitate,
467 2635 625 2671 earumdem
642 2638 799 2661 sanctorum
816 2634 972 2671 cultoribus
985 2636 1138 2671 monachis,
1155 2636 1213 2662 sive
1225 2635 1398 2670 Dionysianis
1412 2636 1559 2671 cteitobitis
1574 2635 1736 2671 condonasti
1750 2642 1758 2660 ;

145 2668 260 2706 ilignum
277 2675 314 2696 est
329 2668 410 2701 enim,
429 2668 585 2706 itiquiebas,
599 2674 626 2706 iit
640 2677 686 2703 per
704 2677 769 2704 quos
787 2669 973 2706 suntrabromni
989 2671 1106 2703 corporis
1121 2670 1248 2698 liberatus
1261 2668 1427 2703 inﬁrmitate,
1449 2670 1499 2706 ipsi
1516 2670 1580 2696 ini/ii
1592 2671 1619 2697 in
1633 2670 1690 2703 ipsa
1702 2676 1760 2706 mea

142 2704 254 2732 debeant
268 2705 422 2732 haereditate
435 2704 585 2741 succedere.
602 2704 714 2741 Beatum
730 2712 813 2741 porro
830 2705 896 2732 illud
910 2706 1038 2731 swculuin
1054 2710 1130 2740 (sntit
1147 2707 1220 2732 enim
1236 2706 1298 2732 bina
1312 2706 1369 2733 lucc
1382 2706 1433 2741 pia:
1451 2705 1625 2733 liberalitatis
1636 2705 1758 2741 exempla

143 2744 227 2768 unius
242 2740 420 2776 ejusdemque
436 2739 523 2767 octavi
545 2740 647 2774 sa-culi)
663 2744 735 2774 quod
751 2740 819 2767 tales
833 2740 929 2767 habuit
949 2741 1067 2768 clientes
1086 2746 1242 2768 sanctorum
1258 2742 1265 2768 ι
1289 2741 1361 2776 quod
1376 2739 1428 2768 tam
1443 2748 1577 2768 memores
1590 2739 1702 2775 protulit
1718 2740 1758 2765 di-

143 2777 271 2803 vinorum
285 2775 480 2802 beneﬁciorum
497 2780 668 2809 susceptores
682 2775 688 2802 ι

179 2812 211 2838 Et
226 2818 291 2838 vero
305 2810 374 2837 alios
393 2810 578 2847 eosdeinjpso
591 2810 702 2842 stne-nlo,
713 2814 740 2837 et
754 2817 789 2837 ex
802 2810 897 2837 eadem
911 2810 1008 2845 Anglia
1022 2811 1167 2846 praeclaros
1184 2819 1290 2846 possein
1307 2812 1442 2840 adducere
1456 2819 1521 2847 erga
1533 2809 1692 2847 Dionysium
1707 2816 1742 2847 oe

141 2849 310 2878 netactores,
326 2853 374 2873 seu
390 2845 475 2872 Otl'am
491 2844 652 2872 Merciorum
671 2853 773 2880 regem,
792 2854 839 2873 seu
854 2844 976 2882 geminos
991 2844 1089 2874 tratres
1103 2844 1284 2882 Agonavalain
1302 2853 1330 2875 et
1344 2844 1500 2882 δίει-ἱιιιιιιιξ
1512 2851 1538 2873 et
1553 2844 1755 2882 boscequiden-

142 2883 213 2908 ultro
231 2887 258 2908 et
273 2882 396 2909 unanimi
417 2888 671 2917 coiisensuouineni
691 2888 766 2907 suam
782 2880 991 2914 possessionem,
1008 2889 1089 2915 quam
1107 2880 1196 2917 portui
1217 2880 1411 2910 Lundeviceiisi
1433 2882 1549 2909 vicinam
1566 2880 1755 2917 liabebaitt,_:‘i.

144 2917 271 2945 D.uitvsio
288 2917 514 2949 conti-inuentes;
534 2914 610 2944 illum
627 2921 716 2944 autem
734 2921 759 2944 ct
775 2918 905 2952 quidquid
921 2914 1024 2945 ibidctti
1034 2914 1153 2946 habebat
1164 2920 1234 2953 juris
1247 2919 1439 2953 betiigiiissiiiie
1455 2917 1648 2949 remittentem,
1661 2921 1688 2944 et
1705 2914 1754 2942 alia
