1929 3092
145 155 198 184 373

581 153 611 180 P.
633 153 784 182 HALLOIX
803 154 876 184 SOC.
897 153 978 182 JESU
996 153 1227 187 QUESTIONES
1245 153 1290 181 IV.

1712 154 1764 181 δη

144 217 206 247 post
223 210 405 251 _Trop_liiiiium_
429 210 645 251 Arelatensium"
653 211 746 251 [actus
770 213 925 251 episcopus,
940 216 963 243 Α
977 220 1032 248 quo
1054 211 1193 251 colligunt,
1209 210 1401 251 Areopagitain
1422 217 1480 250 non.
1491 210 1612 251 potuisse
1627 210 1763 251 dici_pas-

143 246 330 274 sanctimoniae
344 246 422 282 laude
434 246 535 282 clarus,
548 254 582 274 ex
596 246 924 282 adiﬁcatarapostolorum

144 281 254 309 basilica
270 282 373 315 quievit
387 281 413 307 in
433 280 556 308 Domino.
569 291 579 307 ι
595 281 633 308 Ita
650 281 698 309 ibi.
716 280 783 309 Vide
799 282 875 316 plura
890 283 924 310 de

143 317 225 344 sociis
248 316 366 349 ejusdem
386 316 506 351 Dionysii
528 324 588 352 cap.
608 317 641 344 lt)
653 321 680 344 et
699 316 731 344 21
751 316 818 344 Vita:
839 317 925 353 ipsius

142 360 233 386 supra.
340 385 345 386 γ
659 376 666 381 .

178 385 272 413 Sexto.
288 386 308 413 E
323 385 432 413 Menaeis
446 386 615 418 Grzecorum,
631 394 690 421 qua:
709 386 741 413 ad
757 387 828 414 diem
842 388 859 415 5
871 387 924 415 0c-

143 422 230 449 tobris
255 420 394 452 referunt,
415 429 476 449 eum
502 426 563 455 post
589 420 761 456 explanatam
789 423 923 450 ecclesia-

145 458 220 484 sticae
251 457 436 491 dispositionis
467 456 598 488 formam,
622 457 655 483 ad
681 461 772 490 partes
794 458 924 484 occiden—

146 492 214 518 tales
234 492 384 527 profectum
400 499 472 523 esse,
493 497 520 518 et
543 492 701 527 martyrium
719 494 790 526 apud
805 492 924 520 Parisios

143 526 255 589 giﬂpse.
278 527 336 561 Ipsa
355 526 448 554 Μειιωί
463 527 545 554 verba
571 526 680 556 exstant
705 534 786 561 supra
812 535 873 562 cap.
889 528 920 554 51

166 571 173 589 l
211 580 219 587 .

166 564 219 589 itaa.

178 596 308 631 Septimo.
336 596 455 624 Libellus
487 597 619 632 passionis
645 597 674 624 S.
697 597 824 633 Dionysii
842 597 924 632 longe

142 632 282 666 antiquior
299 633 425 659 omnibus
437 633 491 666 jam
507 633 599 660 citatis
617 632 795 667 scriptoribus
810 632 922 663 Graecis,

141 672 170 695 et
191 667 329 694 missionis
343 667 401 700 ejus
416 675 431 695 ει
452 667 593 695 Clemente
615 669 642 695 in
663 667 795 700 Galliam,
814 672 843 694 et
861 676 923 701 snp-

142 703 284 737 pliciorum
310 702 460 736 mortisque
478 703 600 730 ordinem
618 703 761 729 continens
777 711 784 729 :
806 703 924 737 itemque

142 738 227 764 multo
246 737 437 771 antiquissima
464 738 549 765 Visbii
569 739 603 765 de
627 738 723 765 iisdem
752 737 832 765 rebus
856 745 923 765 con-

142 773 254 807 scriptio
274 771 342 806 (fuit
361 773 434 800 cnim
456 772 565 799 Visbitis
592 772 676 800 Lisbd
698 780 713 799 a
737 777 832 800 sancto
859 773 922 800 Dio-

142 809 221 842 nysio
244 809 370 835 conversi
396 808 478 843 lilius)
492 808 526 834 ab
542 808 668 835 Hilduino
689 807 782 835 talium
804 808 923 842 scripto-

143 850 202 870 rum
225 843 346 877 diligenti
374 844 574 878 perquisitore,
597 843 677 870 annis
703 842 802 870 abhinc
833 844 922 870 octin-

977 245 1036 274 s'nni
1063 245 1176 273 Parisiis
1203 247 1254 273 sub
1279 245 1412 276 Adriano.
1436 245 1483 279 qui
1509 250 1572 272 ante
1595 245 1764 275 Antoninum

977 282 1053 309 Pium
1071 281 1203 316 regnavit.

1013 317 1075 344 Hatc
1095 315 1253 351 argumenta
1278 315 1366 351 primo
1385 318 1495 348 aspectu
1517 315 1582 341 satis
1610 316 1763 349 probabilia

979 350 1136 387 apparent,
1150 351 1196 377 sed
1223 351 1333 384 propius
1358 350 1481 387 inspecta
1507 355 1535 377 et
1556 351 1688 387 discussa,
1706 361 1763 379 ina-

977 385 1083 414 itil‘esta:
1114 386 1242 413 falsitatis
1266 390 1427 420 arguuntur.
1451 385 1545 420 Itaque
1571 386 1677 420 singula
1699 394 1764 414 exa-

976 429 1120 448 llllllelllllS-

1012 458 1052 483 Ad
1069 457 1184 489 primum
1200 462 1264 489 ergo
1284 455 1356 488 quod
1373 454 1565 491 attinetatalis
1585 461 1628 482 est
1650 464 1763 491 respon-

977 493 1038 519 sio:
1054 491 1112 518 Non
1139 490 1230 524 sequi,
1253 497 1286 516 ex
1302 497 1334 516 eo
1355 489 1426 523 quod
1448 489 1509 524 quis
1529 495 1646 524 ponatur
1670 489 1712 519 bis
1736 493 1762 520 in

978 526 1168 562 Martyrologio
1179 526 1295 562 diversis
1309 524 1453 562 leDllSLel
1466 525 1516 551 sub
1530 526 1645 562 diversis
1660 528 1761 560 verbis,

976 569 1038 589 esse
1048 559 1119 588 'duos
1128 559 1254 595 Ejusdem
1271 559 1387 595 nominis
1402 559 1533 586 diversos.
1550 559 1616 587 Nam
1641 566 1670 589 ut
1692 562 1761 590 idem

976 597 1111 631 quispiam
1128 593 1169 622 bis
1185 600 1299 631 ponatur
1313 594 1338 621 in
1355 593 1557 631 Martyrologio,
1573 596 1656 623 variis
1674 599 1762 624 modis

977 629 1084 659 accidit.
1108 631 1199 657 Primo
1224 630 1350 663 quidem,
1373 637 1434 655 cum
1461 629 1484 656 is
1506 630 1621 658 diversis
1643 632 1668 659 in
1694 632 1761 660 locis

977 668 1122 701 episcopus
1135 665 1196 702 iuit.
1213 665 1288 702 Multi
1301 665 1378 702 enim
1388 669 1463 702 gesto
1478 664 1576 702 alicubi
1591 667 1759 702 episcopatu.

977 699 1004 728 et
1027 699 1121 729 relicta
1139 700 1196 727 illic
1209 701 1251 727 sui
1267 699 1408 730 memoria,
1423 699 1475 726 alio
1493 699 1695 735 demigrarunt,
1719 699 1762 729 se;

977 737 1092 771 denique
1118 735 1208 771 aliam,
1227 740 1411 771 statuerunt_:
1436 738 1464 760 ut
1492 733 1589 762 Petrus
1621 738 1761 770 apostolus

977 768 1065 806 primo
1084 770 1244 802 Antiochiae,
1262 770 1361 796 deinde
1381 768 1493 806 House:
1517 775 1545 796 ut
1565 768 1675 799 sanet—us
1697 774 1761 800 Ale-

978 805 1081 834 iaiider
1101 806 1190 840 (cujus
1205 807 1299 836 etiam,
1316 810 1407 838 utpote
1428 805 1574 840 scriptoris
1589 806 1675 833 Vitam
1693 809 1762 835 scri-

978 842 1092 877 psimus)
1109 848 1184 875 prius
1206 841 1231 867 in
1246 840 1429 877 Cappadocia,
1442 840 1544 877 deinde
1555 839 1759 877 Hierosolymis,

141 879 229 919 gentis
248 873 357 905 circiter
374 873 516 910 'inventa,
545 873 616 905 idem
640 878 737 905 docent
759 882 841 912 atque
860 886 921 906 con-
942 893 963 920 Β
978 873 1058 912 535
1074 873 1156 920 dficit:
1171 873 1608 920 «luubu‘sndliglgtisjq:Menplosio
1630 873 1759 920 τιθῐζξετίθεξ

142 915 262 941 vincunt.

184 947 285 976 Octavo
314 947 430 982 denique
460 948 637 975 conﬁrmatur
663 954 696 974 ex
725 947 926 982 antiquissimis

146 983 364 1018 martyrologiis,
389 984 549 1015 breviariis,
570 983 740 1014 missahbus,
762 983 805 1019 ubi
827 984 927 1019 Diony-

144 1020 202 1046 sius
220 1018 264 1045 ille
287 1019 455 1046 Parisiorum
471 1019 618 1053 episoopus
641 1018 741 1053 dicitur
756 1026 772 1044 a
787 1018 927 1046 Clemente

143 1053 237 1089 pontii.
247 1053 327 1081 Rom.
338 1053 365 1080 in
377 1053 479 1081 Gallias
490 1052 597 1082 missus.
611 1052 668 1081 Vidi
682 1052 793 1080 Parisiis
801 1054 844 1088 (eo
854 1054 926 1081 enim

144 1098 188 1116 me
204 1090 299 1115 harum
315 1089 543 1124 exploraiidaruni
562 1089 649 1123 gratia
664 1088 847 1124 contuleram)
862 1089 925 1121 vidi,

143 1124 271 1158 inquam,
294 1124 322 1150 in
343 1122 509 1151 Bibliotheca
532 1122 679 1150 clarissimi
698 1123 748 1150 viri
766 1122 883 1156 Tliuatii,
900 1129 928 1151 et

144 1160 210 1186 vidit
224 1166 329 1185 mecum
342 1159 470 1186 'Andreas
484 1166 499 1185 a
514 1159 622 1192 Quercu
639 1159 754 1192 insignis
776 1159 861 1186 nostri
876 1160 928 1186 aevi

144 1195 273 1228 scriptor,
289 1193 342 1221 duo
357 1195 518 1229 perantiqua
542 1193 734 1229 Martyrologia
759 1201 841 1221 manu
858 1196 927 1221 scri-

143 1234 199 1264 pta,
214 1229 241 1264 in
260 1236 374 1262 quorum
392 1231 478 1264 uitero
495 1234 565 1260 erat,
586 1228 619 1256 δέ
631 1228 787 1261 Dionysium
808 1237 823 1256 a
840 1231 927 1264 ponti-

143 1265 194 1291 tice
211 1263 332 1290 ltotnano
354 1264 381 1291 iu
405 1263 507 1291 Gallias
527 1264 638 1291 missum
654 1272 661 1297 ;
685 1264 712 1290 in
730 1265 816 1291 altero
835 1263 926 1291 autem

144 1300 227 1334 (quod
243 1306 258 1325 e
273 1299 377 1326 duobus
393 1299 612 1334 eratautiquius)
625 1306 753 1334 expresse
775 1299 928 1326 habebatur

145 1343 160 1360 a
174 1333 313 1362 Clemente
329 1335 458 1368 pontilice
473 1333 736 1362 Romano'ntissuiit.
754 1334 791 1361 De
811 1334 927 1361 diversis

143 1376 224 1404 porro
242 1374 403 1395 cunctarum
431 1368 488 1395 fere
508 1369 713 1402 Ecclesiarum,
737 1374 765 1396 et
789 1369 928 1396 nonnullis

144 1411 254 1439 quoque
269 1409 346 1430 ertra
361 1404 477 1431 Galliam
496 1405 639 1432 brevmriis
655 1411 687 1430 ac
701 1404 867 1436 missalibus,
885 1413 927 1431 re-

144 1440 223 1466 mitto
248 1439 361 1473 cupidos
384 1439 513 1467 Lectores
532 1441 564 1466 ad
586 1439 734 1466 Historiam
757 1440 872 1467 abbatia:
896 1440 925 1466 5.

145 1474 279 1508 Dionysii,
303 1481 388 1508 nuper
405 1483 420 1501 a
441 1474 541 1502 Jacobo
560 1474 670 1501 Dublazo
693 1474 821 1508 (quocum
844 1474 926 1501 etiam

146 1509 292 1543 aliquando
304 1509 418 1537 Parisiis
432 1510 546 1545 contuli)
566 1511 593 1536 in
609 1510 696 1545 lucem
709 1510 821 1545 editam.
834 1509 858 1536 Is
873 1510 925 1542 vir,

143 1545 166 1570 si
183 1545 485 1588 quis.‘il‘llllsrtlliillllﬂll'
496 1544 555 1585 qua:
570 1546 598 1571 b‘.
615 1544 735 1582 Dionysii
748 1551 799 1588 res
821 1546 926 1571 coiitiii-
940 1559 961 1588 ο

144 1584 219 1612 gunt,
236 1579 458 1614 diligentissimus
473 1579 524 1607 fuit
541 1580 727 1613 investigatur.
744 1580 819 1606 Adde
834 1585 925 1606 autem

144 1621 195 1647 pro
209 1614 354 1641 corollario
378 1614 598 1649 Martyrologium
620 1621 648 1640 ct
665 1614 851 1644 Breviarium,
872 1622 926 1649 quo

145 1655 217 1674 nunc
245 1649 366 1675 Iloinaiia
396 1650 480 1675 utitur
507 1649 642 1681 Ecclesia,
664 1656 726 1683 quae
749 1650 928 1684 disertissime

146 1688 341 1717 protestantur,
364 1684 521 1718 Dionysium
543 1685 734 1718 Areopagitam
752 1691 767 1711 a
787 1684 927 1712 Uleiiiente

144 1718 272 1752 pontiﬁce
288 1719 398 1745 missum
413 1726 474 1746 esse
489 1720 516 1746 in
531 1718 644 1747 Galliam
659 1719 825 1753 praedicandi
840 1720 928 1746 Evan-

144 1753 206 1786 gelii
220 1760 311 1780 causa.
325 1754 412 1789 Atqui
434 1762 487 1781 non
510 1758 599 1789 potest
613 1754 683 1781 alius
710 1755 844 1789 assignari
867 1754 928 1781 Cle-

143 1795 222 1814 mens
244 1788 381 1823 pontifex,
405 1796 486 1823 quam
503 1788 548 1817 ille
571 1789 646 1816 Petri
665 1793 693 1816 et
713 1788 789 1817 Pauii
808 1790 927 1824 discipu-

144 1824 198 1859 lus,
213 1824 258 1857 qui
278 1824 366 1859 primo
381 1824 449 1851 vixit
468 1824 577 1852 saeculo.
598 1824 665 1851 Nam
683 1825 807 1852 Clemens
822 1824 844 1851 ll
857 1833 925 1858 pun!

143 1858 226 1894 til'ex,
248 1858 355 1886 demum
375 1860 519 1887 undecimo
542 1860 641 1886 sacculo
660 1861 738 1887 vixit.
752 1859 837 1894 Igitur
858 1867 927 1887 unus

144 1893 270 1955 idemque
287 1899 329 1921 est
343 1894 513 1922 Athenarum
529 1900 556 1922 et
579 1894 748 1922 Parisiorum
768 1893 924 1929 episcopus,

144 1935 197 1955 non
234 1937 278 1955 uo.

143 1935 197 1955 11011
214 1935 278 1957 uuo.

179 1963 232 1991 Sed
250 1964 314 1999 quid
328 1964 372 1991 liis
386 1969 523 1999 opponant
542 1965 560 1992 ii
576 1964 622 2000 qui
639 1965 777 1992 contraria
792 1965 926 1997 sentiunt,

144 2006 216 2025 nunc
234 2005 274 2027 est
300 2000 458 2028 videndum.
483 1999 548 2027 Tria
577 1999 659 2035 igitur
684 2000 821 2035 praecipue
841 2007 927 2034 oppo-

143 2038 223 2060 ιιιιιιι.

178 2069 298 2097 Primum
313 2070 433 2104 quidem,
447 2074 476 2098 et
494 2070 565 2105 quod
576 2069 638 2097 aliis
653 2074 778 2105 praestat,
790 2075 842 2103 est.
854 2070 929 2104 quod

143 2104 172 2130 in
193 2105 330 2132 veteribus
352 2105 456 2133 Latinis
477 2104 679 2140 martyrologiis
708 2106 860 2140 repererint
884 2107 928 2133 bis

143 2139 261 2174 positum
282 2141 311 2167 S.
329 2140 496 2175 Dionysium,
519 2139 603 2168 semel
627 2139 770 2169 scilicetiﬁ
788 2141 926 2172 Octobris,

144 2176 194 2201 sub
218 2175 399 2211 bisrverbis:
425 2184 435 2202 ι
455 2178 584 2208 Athenis,
608 2176 729 2211 Dionysii
757 2177 927 2211 Areopagitas

143 2210 194 2236 sub
212 2210 331 2237 Adriano
346 2211 461 2238 diversis
475 2212 618 2239 tormentis
634 2210 706 2245 passi
721 2221 727 2238 :
742 2216 772 2237 ut
790 2212 926 2239 Aristides

144 2246 222 2272 testis
243 2251 284 2272 est
307 2245 343 2281 in,
359 2254 441 2281 opere
464 2248 536 2281 quod
564 2249 596 2274 de
621 2247 776 2273 Christiana
798 2247 928 2281 religione

145 2282 306 2314 composuit.
323 2280 380 2308 Hoc
401 2280 480 2316 opus
490 2282 561 2316 apud
575 2282 754 2308 Athenienses
771 2282 841 2309 inter
851 2280 928 2309 anti-

144 2322 261 2348 quoruiii
281 2318 429 2344 memorias
454 2317 639 2344 clul'15=illlulll
669 2322 786 2348 tenetur,
810 2319 895 2344 semel
912 2318 929 2344 9

144 2351 264 2387 quildem
290 2352 401 2384 mensis,
415 2353 465 2380 sub
481 2354 532 2379 hac
545 2353 630 2387 l'orma
646 2360 652 2378 :
669 2351 783 2378 Parisiis
806 2352 929 2387 Dionysii

144 2386 266 2420 episcopi
281 2394 341 2413 cuni
363 2388 445 2414 sociis
461 2390 519 2414 suis
539 2395 553 2413 a
575 2386 746 2414 Fesceiiiiino
762 2387 852 2420 gladio
867 2388 928 2414 ani-

145 2422 314 2448 madversi.»
341 2422 378 2448 lla
406 2428 480 2449 vetus
513 2422 733 2456 Martyrologium
759 2423 927 2455 Humanum,

145 2457 190 2494 cui
213 2457 388 2494 consentiunt
411 2458 600 2494 Martyrologia
620 2457 782 2484 venerabilis
797 2457 885 2494 Hodie,
901 2463 929 2494 et

144 2491 247 2518 Adonis
273 2491 448 2525 Viennensis,
471 2491 543 2526 quod
562 2491 676 2527 quidem
703 2498 802 2519 attinet
826 2492 861 2519 ad
884 2493 927 2519 di-

143 2534 239 2553 versus
260 2528 332 2560 dies;
355 2531 446 2555 verbis
463 2527 564 2561 alioqui
587 2530 665 2554 nobis
688 2528 794 2560 favent,
816 2533 845 2554 ut
867 2532 927 2562 post

144 2562 337 2594 declarabitur,
353 2571 415 2590 cum
445 2565 479 2590 ad
498 2565 647 2590 secundum
671 2567 859 2597 argumentum
881 2571 926 2590 re-

143 2598 328 2630 spondebitur.

182 2631 337 2668 Secundum
359 2638 548 2668 argumentum
566 2638 608 2659 est
631 2633 665 2660 ab
680 2632 844 2660 auctoritate
858 2631 927 2660 Gre-

143 2668 213 2701 gorii
233 2667 410 2702 Turonensis,
437 2669 484 2696 lib.
500 2677 525 2700 i,
543 2676 605 2702 cap.
619 2668 662 2701 50,
690 2668 805 2695 dicentis
826 2668 927 2702 Diony-

143 2711 214 2729 sium
241 2704 353 2730 iiiissum
379 2704 404 2730 iii
429 2703 532 2731 Gallias
551 2709 602 2730 sub
621 2704 702 2730 Decio
730 2705 827 2738 imper.
852 2703 927 2730 Uiiue

143 2744 314 2772 sequeretur,
331 2747 384 2766 non
410 2741 530 2774 potuisse
549 2747 610 2766 esse
633 2738 835 2773 Areopagitam.
859 2739 927 2766 Nam

144 2775 250 2810 Decius;
259 2777 325 2800 Vixit
341 2780 422 2802 tertio
437 2777 548 2808 saeculo,
562 2775 725 2810 Areopagitas
739 2776 837 2808 primu.

180 2808 301 2844 Tertium
328 2811 363 2836 ab
394 2812 556 2837 auctoritate
583 2808 681 2837 bevei'i
709 2810 819 2844 b‘utpitii
843 2809 891 2836 lib.
906 2817 926 2836 ii

146 2843 236 2871 Sume
264 2843 336 2871 "iu.
354 2846 516 2877 scribentis,
539 2846 590 2872 sub
613 2845 648 2874 Μ.
664 2845 774 2872 Aurelio
797 2846 926 2872 Antonini

144 2880 186 2906 l’ii
213 2880 267 2907 lilio
290 2888 406 2914 primum
429 2882 498 2907 intra
521 2880 622 2908 Gallias
643 2883 700 2909 visa
724 2881 864 2916 martyria.
887 2880 924 2908 lix

302 2939 436 2969 Ρηιιοι..
460 2939 518 2970 (in.
537 2941 590 2972 1V;

942 2231 967 2261 D

978 909 1073 946 i'ieinpe
1084 909 1119 938 16
1133 910 1206 946 Maii,
1219 916 1246 937 et
1262 909 1293 936 12
1309 909 1463 937 Decembris
1476 918 1482 936 :
1499 914 1534 946 ut
1542 909 1761 946 magnusEusial

980 945 1054 974 tliius
1075 948 1162 981 primo
1181 945 1408 981 Berrhteae,’post
1429 945 1597 979 Antiochiae;
1607 948 1652 980 qui
1671 953 1699 974 et
1721 949 1763 977 bis

979 983 1006 1009 in
1020 981 1172 1016 Menologio
1186 981 1300 1016 diversis
1317 980 1411 1016 diebus
1428 981 1547 1013 ponitur.
1565 982 1649 1008 semel
1661 982 1692 1009 2i
1712 983 1763 1011 Fe-

978 1017 1092 1049 bruarii,
1105 1013 1187 1043 se'inel
1200 1015 1216 1043 5
1226 1015 1308 1047 Junii,
1320 1015 1346 1041 in
1356 1013 1478 1041 Romano
1491 1020 1593 1049 autem,
1604 1021 1657 1044 tam
1673 1024 1762 1046 vetere

978 1060 1058 1089 quam
1074 1058 1153 1089 novo,
1167 1050 1286 1089 Julii
1422 1083 1427 1089 _

1014 1087 1149 1118 Secundo,
1162 1094 1224 1113 cmn
1236 1086 1295 1113 dies
1311 1084 1428 1118 suscepti
1437 1084 1611 1120 episcopatus
1625 1094 1679 1114 uno
1693 1092 1762 1116 tein-

978 1130 1044 1156 pore
1067 1123 1231 1153 celebratur,
1255 1125 1283 1148 et
1301 1120 1355 1147 alio
1374 1120 1440 1156 dies;
1454 1128 1593 1156 excessus,
1616 1130 1664 1149 seu
1686 1132 1760 1150 uiar-

980 1154 1050 1193 tyrio
1064 1165 1112 1184 seu
1127 1156 1187 1184 vita:
1201 1155 1382 1193 sanctimonia
1397 1154 1542 1193 nobilitati,
1558 1161 1586 1183 ut
1601 1157 1694 1193 illrSS.
1711 1159 1762 1186 Ba-

979 1189 1040 1220 silio
1056 1193 1162 1227 Magno,
1179 1190 1322 1227 Ambrosio
1343 1189 1549 1227 Mcdiolanensi,
1568 1196 1595 1218 et
1616 1192 1677 1220 aliis
1690 1196 1748 1221 acci

979 1228 1027 1255 dit.
1052 1226 1118 1254 Nam
1142 1227 1232 1253 Basilii
1256 1226 1366 1259 quidem
1395 1226 1529 1259 depuSitio
1551 1227 1608 1253 sive
1632 1235 1762 1257 excesSus

979 1263 1134 1290 celebratur
1160 1261 1289 1288 Kalendis
1320 1259 1461 1292 Januarii,
1492 1261 1628 1288 ordinatio
1667 1270 1760 1291 autem

979 1298 1087 1325 decimo
1106 1304 1203 1324 octavo
1216 1295 1351 1323 Kalendas
1364 1294 1446 1327 Julii;
1463 1301 1491 1322 ut
1505 1296 1597 1323 videre
1608 1302 1649 1324 est
1665 1298 1691 1325 in
1709 1299 1762 1326 lto-

980 1340 1060 1360 mano
1079 1332 1285 1367 Martyrologio.
1305 1331 1443 1368 Ambrosii
1471 1338 1534 1368 vero
1551 1333 1651 1359 natalis
1672 1336 1761 1368 pridie

979 1368 1069 1395 Nonas
1085 1366 1185 1402 Aprilis
1199 1371 1365 1401 assignatur,
1380 1366 1517 1393 ordinatio
1540 1372 1631 1394 autem
1645 1366 1762 1402 septimo

979 1403 1040 1430 ldus
1055 1401 1209 1430 Decembris
1223 1403 1250 1428 iii
1264 1407 1320 1428 haec
1336 1401 1428 1434 verba,
1444 1408 1453 1427 ‹
1470 1401 1614 1429 Mediolani
1626 1401 1762 1432 ordinatio

979 1438 1064 1465 sancti
1083 1437 1220 1464 Ambrosii
1245 1437 1378 1472 episcopi,
1399 1437 1476 1471 cujus
1493 1437 1639 1464 sanctitate
1666 1443 1693 1465 et
1713 1441 1762 1466 du—

979 1474 1065 1499 clrina
1085 1472 1247 1500 universalis
1263 1472 1384 1498 Ecclesia
1398 1472 1552 1499 decoratur.
1567 1482 1576 1498 ι

1015 1507 1119 1540 Tertio,
1136 1516 1196 1534 cum
1217 1507 1301 1534 semel
1324 1506 1439 1541 alicujus
1461 1508 1570 1539 natalis,
1591 1507 1648 1535 sive
1670 1509 1762 1537 obitus

979 1543 1038 1570 dies
1060 1544 1225 1575 Celebratur,
1238 1547 1265 1569 et
1283 1542 1367 1568 semel
1388 1546 1435 1568 aut
1455 1543 1554 1576 saepius
1567 1542 1688 1577 ejusdem
1704 1545 1763 1572 dies

979 1578 1162 1605 translationis
1173 1579 1307 1612 corporis,
1321 1582 1369 1604 aut
1382 1581 1517 1604 certarunt
1529 1578 1717 1612 reliquiarum,
1733 1586 1762 1607 ut

977 1614 1005 1640 in
1020 1619 1117 1640 sancto
1132 1613 1236 1648 lgnatio
1250 1618 1370 1648 martyre
1384 1613 1574 1648 ostendimus;
1590 1618 1617 1641 et
1630 1615 1761 1647 quemad»

978 1650 1086 1684 modum
1102 1649 1127 1675 in
1143 1647 1245 1684 sanctis
1263 1647 1378 1684 Andrear
1395 1649 1531 1684 apostolo,
1543 1647 1621 1684 Luca
1643 1656 1762 1684 evange-

979 1683 1050 1715 lista,
1064 1683 1208 1709 Timotheo
1223 1682 1298 1709 Pauli
1312 1683 1455 1716 discipulo,
1467 1689 1483 1709 e
1493 1683 1524 1708 Β.
1541 1682 1699 1718 Hieronymi
1714 1682 1762 1711 ad-

979 1725 1073 1745 versus
1097 1717 1271 1752 Vigilantiam
1297 1718 1412 1745 discitur
1434 1717 1672 1745 lucubrationibus
1693 1728 1700 1745 :
1721 1720 1762 1747 uti

979 1753 1062 1780 etiam
1088 1754 1114 1779 in
1139 1756 1200 1788 ipso
1230 1757 1324 1779 sancto
1352 1752 1517 1788 Hieronymo
1539 1758 1567 1780 et
1596 1754 1625 1780 s.
1649 1753 1761 1782 Nicolao

979 1788 1062 1823 Myl-a3
1081 1789 1219 1822 episcopo,
1241 1793 1269 1815 et
1290 1788 1318 1814 iii
1339 1788 1400 1814 aliis
1427 1796 1509 1821 quam
1536 1788 1663 1821 plurimis
1684 1791 1761 1817 cerni

978 1829 1067 1858 potest
1080 1831 1086 1848 :
1104 1830 1220 1857 quorum
1235 1830 1288 1849 non
1303 1823 1382 1850 modo
1395 1823 1455 1850 dies
1470 1824 1599 1856 natalitii,
1614 1825 1660 1851 sed
1677 1824 1761 1851 etiam

979 1859 1037 1885 dies
1052 1858 1239 1885 translationis
1252 1858 1427 1892 reliquiarum
1440 1858 1613 1892 reperiuntur
1624 1859 1761 1888 distinctis

979 1894 1075 1920 diebus
1092 1893 1225 1920 aduotati.

1014 1929 1128 1961 Quarto,
1144 1933 1172 1955 et
1185 1928 1293 1963 saepius,
1311 1936 1345 1955 ex
1364 1935 1459 1956 errore
1476 1934 1570 1955 eorum
1593 1928 1640 1963 qui
1660 1930 1762 1957 conﬂa-

979 1969 1044 1991 runt
1061 1964 1264 1999 Martyrologia,
1282 1969 1309 1991 et
1328 1972 1343 1991 c
1360 1964 1443 1991 variis
1459 1964 1643 1999 librisisacris
1666 1972 1762 1993 sacros

979 2000 1013 2026 iis
1026 1998 1189 2027 insereiidos
1204 1999 1384 2034 collegerunt,
1399 2001 1497 2034 partim
1509 2006 1524 2026 e
1537 1998 1645 2031 Graeca,
1660 2002 1760 2033 partim

978 2042 1003 2070 ei
1015 2035 1112 2062 Latina
1138 2034 1271 2061 Ecclesia.
1285 2036 1361 2067 Quod
1379 2042 1412 2061 co
1429 2035 1538 2061 facilius
1557 2037 1670 2067 accidit,
1685 2037 1760 2070 quod

979 2069 1171 2105 Martyrologia
1186 2077 1239 2096 non
1260 2070 1294 2097 ab
1312 2077 1366 2096 uno
1385 2070 1506 2101 homine,
1526 2077 1576 2096 nec
1593 2071 1619 2096 in
1636 2069 1760 2098 uno'sie-

980 2106 1051 2137 culo,
1066 2105 1114 2132 sed
1127 2108 1162 2132 ab
1177 2105 1333 2132 hominibus
1353 2107 1458 2137 multis,
1473 2106 1534 2132 aliis
1552 2109 1614 2139 post
1637 2105 1716 2138 alios,
1731 2111 1760 2133 et

979 2140 1007 2167 in
1019 2140 1145 2167 omnibus
1155 2140 1263 2167 sacculis
1277 2141 1318 2166 vel
1328 2141 1436 2167 condita
1453 2141 1518 2171 sint,
1532 2141 1574 2167 vel
1589 2146 1678 2167 aucta.
1690 2141 1760 2168 Nam

979 2177 1025 2210 qui
1043 2176 1150 2210 primus
1165 2176 1253 2209 primo
1269 2175 1379 2208 saeculo,
1396 2180 1445 2202 aut
1467 2175 1580 2202 secundi
1603 2175 1681 2202 initio
1693 2183 1760 2203 con-

980 2212 1050 2238 didit
1064 2210 1300 2245 Martyrologium,
1317 2211 1340 2237 is
1357 2215 1460 2237 tantum
1482 2215 1593 2237 sanctos
1610 2211 1691 2244 primi
1706 2219 1759 2238 δίκη

980 2246 1035 2272 culi
1050 2246 1272 2279 comprehendit;
1293 2254 1346 2280 quo
1369 2250 1488 2276 mortuo,
1504 2250 1586 2280 prout
1607 2246 1691 2280 aliqui
1714 2255 1757 2273 se-

980 2283 1069 2307 cundo
1092 2281 1191 2307 saeculo
1205 2282 1370 2308 exstiterunt
1392 2283 1437 2315 qui
1466 2282 1542 2317 digni
1557 2280 1759 2317 Martyrologiu

981 2318 1139 2343 Videt-eatur
1149 2324 1155 2343 ς
1165 2317 1206 2343 sic
1217 2318 1251 2343 ab
1266 2316 1326 2342 aliis
1340 2322 1421 2350 atque
1436 2316 1497 2342 aliis
1510 2316 1594 2343 additi
1614 2321 1686 2348 sunt,
1703 2322 1758 2344 tam

980 2358 995 2376 a
1011 2350 1113 2378 Graecis
1127 2351 1154 2377 in
1165 2351 1273 2384 Graeca,
1288 2358 1369 2384 quam
1391 2360 1405 2377 a
1418 2351 1525 2378 Latinis
1544 2352 1570 2377 in
1591 2350 1688 2377 Latina
1703 2351 1757 2379 Ec—

980 2387 1063 2413 clesia
1084 2394 1091 2411 :
1114 2386 1269 2413 habuerunt
1289 2387 1363 2413 enim
1392 2392 1419 2413 et
1445 2387 1472 2413 hi
1497 2391 1525 2413 et
1552 2386 1591 2413 illi
1615 2387 1759 2414 distinctos

980 2422 1077 2448 fastos.
1096 2420 1192 2456 itaque
1214 2419 1299 2449 Vetus
1317 2422 1486 2454 Romanum,
1513 2421 1627 2456 exempli
1659 2423 1758 2456 gratia,

979 2460 1051 2490 quod
1066 2458 1146 2483 initio
1158 2456 1302 2484 minimum
1313 2463 1385 2489 erat,
1400 2462 1541 2484 crescente
1552 2457 1683 2491 paulatim
1695 2465 1759 2484 san-

979 2498 1084 2518 ictorum
1100 2499 1224 2524 numero,
1241 2492 1299 2526 pari
1317 2497 1399 2518 etiam
1412 2499 1494 2526 passu
1515 2494 1617 2524 crevit;
1639 2494 1759 2526 itemque

978 2526 1134 2554 Graecorum
1152 2527 1294 2560 Menaeiim,
1320 2533 1380 2561 post
1403 2529 1509 2561 aiiquot
1531 2528 1629 2554 deinde
1648 2529 1756 2559 saecula,

979 2569 1039 2588 cuin
1057 2564 1140 2589 multa
1161 2562 1316 2589 Latinorum
1337 2565 1362 2589 in
1377 2562 1481 2590 Griecis
1495 2563 1622 2590 deessent
1636 2563 1758 2594 Menaeis,

978 2604 1004 2623 et
1021 2597 1098 2624 inulti
1115 2597 1273 2624 Graecorum
1288 2599 1314 2624 in
1332 2597 1436 2625 Latinis
1451 2599 1670 2625 desiderarentur
1686 2598 1757 2625 Mar-

979 2632 1129 2668 tyrologiis,
1143 2633 1252 2660 fuerunt
1265 2634 1373 2667 quidam
1385 2634 1546 2668 (praesertim
1560 2638 1621 2668 post
1637 2638 1758 2667 tempora

978 2672 1008 2694 δ.
1025 2667 1194 2702 Hieronymi)
1206 2669 1252 2702 qui
1267 2669 1355 2702 primo
1372 2667 1410 2696 illi
1427 2668 1550 2696 Humano
1564 2669 1758 2702 Martyruiogio

978 2704 1061 2737 (quod
1085 2704 1140 2737 jain
1167 2702 1246 2730 Vetus
1274 2703 1454 2731 Romanarum
1477 2704 1640 2738 appellatur)
1651 2708 1758 2738 inultos

977 2745 1088 2766 sanctos
1109 2740 1281 2771 addiderint,
1298 2748 1401 2774 eosque
1421 2743 1455 2767 de
1472 2737 1629 2766 Graecorum
1648 2737 1758 2764 Menaeis

978 2783 1076 2809 magna
1094 2782 1128 2801 ex
1147 2779 1226 2809 parte
1246 2773 1460 2809 desunipseriiit.
1476 2775 1509 2801 lli
1531 2780 1620 2800 autem
1637 2773 1756 2805 luerunt,

978 2808 1066 2842 primo
1083 2808 1193 2844 quidem
1213 2811 1378 2838 venerabilis
1394 2810 1480 2842 Beda,
1501 2816 1561 2836 cuin
1582 2815 1631 2844 suo
1644 2808 1758 2844 supple-

979 2851 1037 2871 tore
1050 2843 1132 2873 Floro
1156 2847 1289 2872 monacho
1303 2845 1466 2881 (reliquerat
1485 2845 1559 2881 enim
1575 2843 1693 2881 il_le_dies
1709 2843 1759 2881 ali;

977 2886 1042 2917 quot
1055 2886 1203 2916 martyrum
1219 2878 1505 2915 uaniiiiilius’racuos),
1515 2878 1612 2906 deinde
1624 2878 1764 2906 Usuardmr

1563 2937 1602 2968 38
