1929 3092
169 144 221 171 879
228 159 233 162 -

552 143 596 170 DE
622 143 650 170 S.
672 142 820 171 DlONYSII
837 142 1068 170 AREOPAGlT/E
1088 142 1168 170 VITA
1186 143 1229 170 ET
1248 143 1403 171 SCRIPTIS

1744 147 1803 174 880

169 204 203 228 de
219 202 285 229 illo:
320 211 329 228 ι
344 201 420 236 Apud
449 200 624 235 Aquitaniam
648 201 817 235 provinciam
846 200 951 233 Gallias,
968 203 989 230 A
1005 204 1054 228 sub
1068 206 1108 229 tot
1122 202 1333 236 imperatoribus
1350 202 1445 229 mediis
1462 203 1531 229 facta
1555 206 1629 235 sunt,
1647 210 1708 231 esse
1721 203 1799 232 facta

169 238 280 265 civitate
305 235 471 268 Lemovicis,
498 237 597 263 natalis
618 236 782 263 sanctissimi
807 235 949 268 Martialis,

168 273 214 308 qui
237 280 308 300 unus
322 280 356 300 ex
372 271 545 308 septuaginta
560 271 666 308 duobus
679 271 828 308 discipulis
838 270 951 303 electus,

169 305 297 343 magnum
322 305 449 343 meritum
469 305 505 343 ad
529 306 731 343 praedicationis
762 305 877 333 olﬁcium
889 314 951 333 cum

167 341 249 370 Petro
267 342 450 377 apostolorum
465 342 588 376 principe
599 341 760 377 complevit,
769 346 863 377 postea
874 348 951 374 vero,

166 376 417 412 jubeute'Domino,
442 377 616 412 Aquitaniam
641 376 792 412 convertiti
811 376 861 410 Qui
874 377 951 412 virgo

168 413 274 440 electus
297 413 332 440 ab
345 413 414 446 ipso,
442 417 469 439 et
490 411 587 446 plenus
610 416 708 438 saneto
722 411 825 445 Spiritu
845 411 953 439 assum-

168 453 230 481 ptus
244 453 284 475 est
299 455 361 475 cum
379 454 474 480 magna
489 447 574 481 gloria
597 452 625 473 et
646 446 787 473 inducibili
804 447 837 473 ad
853 447 949 479 cmlos,

169 484 395 517 quinquagesimo
405 490 476 509 nono
492 482 587 517 astatis
598 489 662 517 suae
679 489 762 513 anno,
778 482 951 517 episcopatus

168 516 259 545 autem
278 516 409 551 vigesimo
437 522 545 549 octavo,
572 516 740 551 Olympiadis
768 524 832 543 vero
846 516 908 548 212,
925 522 951 544 et

167 553 273 588 imperii
291 552 448 587 Vespasiani
461 552 578 579 Caesaris
589 552 686 588 tertio
695 557 822 588 anno,_et
834 557 893 586 post
908 560 951 579 re-

167 586 365 616 surrectionem
392 588 498 614 Domini
525 586 746 621 qttadragesitno.
778 586 878 614 Omnes
893 587 951 620 ejus

166 624 230 651 vita:
243 624 305 650 anni
320 624 356 650 ita
369 627 552 657 supputantur
565 631 572 648 :
587 621 681 649 Annos
698 622 857 656 impleverat
870 623 952 657 quin-

166 660 255 686 decim
269 663 332 685 ante
349 658 516 692 baptismum
532 666 538 684 :
556 657 643 692 tribus
657 657 807 690 permansit
820 664 881 683 eum
900 658 948 684 Do-

165 695 249 724 mino.
266 699 294 721 et
311 691 432 728 quinque
447 701 508 719 eutn
524 692 605 719 Petro
620 691 828 727 Hierosolymis,
845 697 950 726 septeni

165 736 229 757 vero
241 730 267 756 iii
284 728 439 759 Antiochia,
456 728 549 755 BUIIHB
562 735 627 754 vero
643 734 697 754 uno
714 734 786 754 anno
799 728 909 760 mansit,
921 728 949 754 in

164 765 310 799 Aquitania
324 771 372 798 per
387 764 481 798 viginti
501 768 563 790 octo
579 769 678 799 annos,
695 762 720 799 in
735 762 881 797 episcopali
899 763 950 790 nii-

164 797 278 827 nisterio
294 797 329 826 ad
353 797 432 825 linem
459 806 545 833 usque
568 797 766 833 gleriosissime
793 805 951 831 persevera~

163 835 223 862 vit:
243 834 289 862 ubi
312 834 456 861 ecclesiam
473 832 509 861 SI
522 833 662 867 Stephani,
679 832 781 859 Levitte
795 837 951 867 protomar-

164 870 235 905 tyris
250 869 422 897 consecrarit
439 868 620 905 temporibus
641 866 757 895 Neronis
783 866 908 902 imperat.
924 873 950 895 ct

164 904 299 940 Stephani
310 904 415 940 ducis.)
438 904 475 931 Ita
492 904 541 931 ibi.
612 938 617 940 _
714 937 720 940 _
762 908 766 911 '

199 937 226 967 lii
241 939 269 967 S.
287 939 370 966 Paulo
381 937 550 966 Narbonensi
577 938 667 973 primo
679 937 807 972 episcopo
824 937 951 965 similiter

163 975 347 1002 hallucinalus
361 980 403 1002 est
429 975 501 1001 idem
530 974 699 1006 Gregorius:
717 974 750 1008 de
765 981 820 1008 quo
834 973 872 1000 ita
883 974 948 1001 Ven.

163 1011 244 1038 [tedae
268 1010 504 1045 Martyrologium,
523 1009 559 1045 22
575 1009 683 1045 Martii:
714 1017 724 1033 ε
738 1007 893 1045 ᾉιιῦειιιίίβ,
909 1009 949 1035 ci—

162 1048 249 1073 vitate
269 1043 405 1077 Narbone,
420 1043 506 1071 sancti
528 1044 602 1071 Pauli
627 1044 747 1078 episcopi
763 1049 790 1070 et
807 1043 949 1071 confesso-

164 1082 213 1112 ris.
231 1080 355 1115 discipuli
368 1080 556 1115 apostolornni
576 1079 704 1115 Christi;
730 1086 811 1115 quem
838 1080 949 1105 tradunt

162 1116 287 1143 eumdem
301 1113 405 1149 'ipsum
433 1114 518 1142 fuisse
541 1114 667 1150 Sergium
680 1149 683 1150 ν
696 1113 817 1150 Paul_nm>
832 1121 948 1148 procon-

164 1151 264 1183 sulem,
283 1148 371 1177 viritm
388 1151 559 1185 prudetttetn,
577 1148 662 1184 a'quo
678 1149 738 1185 ipse
751 1148 853 1185 Paulus
868 1149 950 1176 sorti—

164 1192 206 1213 tus
217 1190 259 1212 est
272 1193 399 1217 nomen,»
417 1190 471 1212 etc.
498 1184 758 1220 Consentiuntralia
787 1184 949 1220 Martyrolo-

162 1222 216 1255 gia,
232 1225 288 1247 tam
302 1221 453 1255 Romanum
476 1220 543 1247 illud
575 1225 651 1255 vetus
673 1219 708 1247 ab
734 1219 878 1247 lleriberto
891 1219 950 1246 edi-

163 1262 219 1282 tum
234 1256 291 1291 (tibi
306 1256 345 1282 sic
362 1262 368 1282 :
391 1264 400 1280 ι
416 1254 542 1282 Narbone
568 1255 597 1282 S.
615 1254 692 1282 Pauli
715 1254 848 1288 episcopi,
864 1255 949 1291 disci-

163 1291 218 1325 puli
235 1289 419 1326 apostolorum
434 1299 443 1316 ι
456 1290 465 1325 )
479 1297 559 1326 quam
577 1291 707 1326 usitatum
719 1295 746 1317 et
757 1289 947 1326 ordinarium;

164 1324 284 1361 itemque
297 1326 402 1352 Adonis
416 1330 444 1352 et
465 1325 581 1352 alioruut
605 1325 657 1352 hac
681 1325 746 1352 die:
764 1328 813 1352 sed
830 1324 948 1352 Usuardi

166 1362 196 1388 t2
209 1361 373 1388 Decembris.

198 1396 249 1429 Qui
267 1402 333 1430 ergo
350 1396 376 1422 in
392 1395 436 1422 his
450 1394 539 1422 tribus
565 1394 711 1422 manifesto
735 1394 848 1425 erravit,
882 1394 946 1421 dum

163 1431 232 1458 dixit
247 1431 353 1457 venisse
366 1437 414 1458 eos
429 1431 455 1457 in
479 1430 582 1457 Gallias
597 1430 647 1457 sub
663 1430 757 1461 Decio,
771 1430 823 1457 hoc
841 1434 884 1456 est
903 1430 947 1456 iii-

164 1472 239 1500 tegro
253 1466 353 1493 saeculo
369 1470 514 1500 postquam
544 1470 637 1492 essent
664 1465 785 1496 mortui,
811 1465 948 1500 quomodo

162 1501 236 1528 idem
250 1501 433 1527 testimonium
450 1500 549 1527 valebit
564 1505 660 1527 contra
678 1500 837 1535 Dionysium
859 1500 946 1527 Areo-

161 1536 294 1571 pagitam,
312 1536 384 1570 quod
413 1540 508 1571 contra
543 1535 603 1563 illos
629 1535 696 1571 nihil
720 1534 827 1571 valuit?
853 1534 947 1569 Itaque

161 1570 233 1605 quod
264 1570 414 1605 Gregorius
440 1570 610 1598 Turonensis
640 1570 708 1597 dicit
733 1570 767 1597 de
794 1570 944 1605 Dionysio.

164 1616 174 1632 ι
191 1607 256 1633 Tam
269 1613 364 1633 verum
378 1611 420 1633 est
436 1612 475 1640 (ut
491 1606 587 1633 merito
597 1605 695 1633 scribit
707 1605 851 1639 Baronius)
865 1613 946 1639 quam

161 1642 232 1676 quod
250 1641 286 1668 ibi
302 1641 398 1668 asserit
411 1641 530 1675 ejusdem
543 1640 618 1668 Decii
634 1645 754 1676 tempore
768 1640 946 1674 Trophimum

160 1675 300 1709 Arelaten,
319 1676 431 1703 Paulum
445 1676 611 1708 Narbonem,
626 1680 654 1702 et
677 1675 829 1702 Martialem
843 1676 906 1702 item
920 1676 945 1702 in

161 1711 263 1739 Gallias
277 1711 458 1739 amandatos:
486 1718 555 1746 quas
576 1715 682 1738 constat
698 1710 786 1737 fuisse
808 1710 946 1746 apostolo:

161 1755 222 1774 rum
248 1746 411 1780 discipulos,
444 1751 472 1773 et
502 1746 688 1780 apostolorum
716 1747 885 1780 temporibus
913 1745 947 1772 ad

162 1782 363 1816 prtedieandum
392 1782 568 1816 Evangehum
585 1782 611 1807 in
635 1780 739 1808 Gallias
753 1788 814 1808 esse
837 1782 945 1807 missos.

163 1815 216 1844 Sed
232 1818 300 1848 haec,
323 1816 395 1843 sicut
425 1815 481 1843 alia
509 1816 604 1849 multa,
631 1816 753 1843 auctoris
779 1815 946 1849 simplicitati

162 1852 245 1878 multa
263 1857 316 1878 tam
329 1851 408 1878 facile
438 1852 591 1878 adtttittenti
615 1851 739 1878 donanda
766 1856 842 1883 sunt,
867 1854 947 1884 preut

162 1887 245 1914 etiam
269 1886 412 1914 Hilduinus
426 1891 539 1913 excusat
554 1887 590 1912 ita
606 1887 699 1913 dicens
712 1894 719 1912 :
734 1884 868 1912 Caeterum
884 1893 946 1919 par-

162 1924 278 1949 cendum
294 1927 337 1948 est
362 1922 530 1956 simplicitati
553 1921 603 1948 viri
620 1920 738 1954 religiosi
753 1920 878 1955 Gregorii
892 1920 947 1947 Tu-

161 1958 287 1984 ronensis
316 1957 450 1991 episcopi,
468 1957 514 1991 qui
547 1956 631 1991 multa
648 1956 726 1991 aliter
750 1963 832 1989 quam
847 1956 948 1982 veritas

162 2000 191 2019 se
206 1993 297 2024 habet,
315 1990 463 2022 acstimans.
484 1999 537 2018 non
549 1990 703 2017 calliditatis
716 1996 777 2018 astu
791 2010 798 2021 .
812 1991 860 2017 sed
872 1991 948 2017 beni-

162 2027 275 2088 giiitaltlis
290 2031 317 2055 et
326 2027 510 2062 simplicitatis
526 2031 589 2053 voto
601 2026 700 2054 litteris
714 2026 945 2053 connuendavit.’

185 2070 209 2088 lC
229 2071 234 2087 I
258 2071 275 2088 Ι.

162 2063 209 2089 Sic
229 2063 275 2088 illi.

198 2097 279 2133 539
297 2097 353 2132 Ego
368 2103 433 2124 vero
457 2096 490 2133 ad
510 2095 672 2133 ﬁrmandam
685 2102 784 2133 eorum
798 2095 831 2133 _de
842 2094 946 2130 Grego-

162 2130 217 2160 πίον
229 2130 396 2166 opinionem,
422 2132 468 2159 sed
499 2132 634 2166 praecipue
658 2131 692 2157 ad
716 2130 948 2158 eorroborandam

162 2165 285 2195 nostram
312 2171 346 2195 de
367 2168 396 2194 ὃ.
426 2165 555 2201 Dionysio
579 2165 744 2201 Areopagita
772 2166 948 2199 sententiam,

163 2204 237 2235 dico,
254 2204 343 2230 eidem
366 2202 497 2237 Gregorio
525 2201 677 2228 Turonensi
699 2209 752 2228 non
781 2208 946 2235 magnopere

162 2239 238 2265 cordi
267 2239 363 2271 fuisse,
385 2237 535 2272 praesertim
551 2238 577 2264 in
600 2237 696 2272 primis
722 2237 945 2272 imperatoribus,

163 2273 331 2308 distinguere
345 2271 473 2300 accurate
485 2279 616 2306 tempora,
633 2272 682 2298 sed
695 2272 762 2298 adeo
784 2271 829 2308 illa
849 2271 945 2299 confu-

163 2309 246 2340 disse,
260 2314 288 2334 ut
300 2309 441 2335 miscuerit
451 2314 479 2335 et
490 2308 660 2334 cottturbarit
674 2315 705 2334 ea
718 2313 778 2341 qum
798 2307 868 2333 facta
883 2312 947 2334 sunt

163 2345 214 2370 sub
230 2344 366 2371 Antonino
377 2343 435 2375 Pio,
453 2351 513 2370 cum
526 2343 558 2369 iis
573 2350 633 2376 qua!
653 2343 704 2369 sub
722 2343 756 2369 Il.
771 2342 881 2369 Aurelio
891 2343 947 2368 An-

163 2379 258 2405 tonino
273 2379 445 2413 philosopho,
460 2383 488 2405 et
502 2378 532 2404 L.
549 2378 617 2405 Vero
630 2377 687 2411 ejus
708 2378 780 2409 iiliis,
796 2383 824 2404 et
839 2385 899 2404 eum
913 2378 947 2413 iis

163 2422 224 2448 qua:
241 2412 291 2441 sub
315 2412 411 2440 horu’m
426 2420 583 2441 successore
604 2413 762 2448 Commodo,
780 2417 808 2440 et
822 2420 882 2447 quae
895 2412 945 2448 sub

164 2447 225 2475 aliis
241 2455 326 2483 usque
338 2450 371 2474 ad
387 2449 497 2475 Decittnt
513 2449 680 2475 accideruttt.
704 2447 772 2483 Nam
794 2448 866 2474 inter
890 2447 946 2474 An-

164 2482 288 2511 toninum
304 2484 380 2510 Pium
401 2490 426 2510 et
442 2484 553 2510 Decium
580 2483 652 2509 nulla
677 2486 715 2510 tot
738 2482 945 2517 imperatorum,

163 2520 210 2554 qui
226 2518 493 2550 intercesserunt,ah
508 2526 540 2545 eo
557 2518 585 2544 iit
603 2519 713 2544 mentio.
727 2517 798 2544 Nihil
810 2519 842 2544 de
855 2517 947 2544 Marco

164 2553 276 2581 Aurelio
294 2554 443 2586 Antonino,
460 2561 504 2587 qui
523 2553 666 2587 imperavit
677 2560 762 2580 annos
776 2554 820 2582 t9.
835 2554 901 2580 nihil
912 2554 946 2580 de

163 2590 321 2621 (lontmodo,
335 2589 379 2623 qui
402 2589 446 2620 12,
468 2587 534 2614 nihil
558 2590 600 2623 (ut
616 2587 784 2615 Pertinaccm
796 2595 824 2615 et
838 2589 944 2615 Didium

165 2630 294 2659 tanquam
310 2622 385 2651 brevi
409 2624 557 2650 exstinctos
577 2622 711 2657 omittam)
725 2624 759 2650 de
775 2623 886 2655 Severo,
899 2624 945 2657 qui

164 2658 249 2687 annos
272 2659 481 2694 septemdecim;
499 2658 564 2685 nihil
579 2659 611 2684 de
632 2659 777 2694 Antonino
793 2659 944 2689 Caracalla,

164 2696 210 2729 qui
235 2693 321 2722 annos
347 2701 415 2727 sex;
431 2694 496 2721 nihil
516 2694 548 2720 de
561 2694 692 2725 Macrino,
710 2695 743 2721 de
758 2693 944 2729 Heliogabalo,

164 2736 197 2757 ue
220 2731 375 2758 Alexandro
400 2731 512 2760 Severo,
531 2729 576 2763 qui
603 2737 688 2756 annos
712 2730 859 2762 tredecim,
878 2730 945 2756 nihil

164 2766 198 2792 de
216 2766 372 2797 Maximino,
384 2766 452 2792 nihil
465 2766 498 2792 de
513 2764 630 2791 Maximo
641 2769 668 2791 et
678 2765 801 2797 Balbino,
829 2764 896 2792 nihil
912 2766 945 2792 de

164 2801 310 2833 Gordiano,
328 2800 394 2827 nihil
405 2801 439 2828 de
451 2800 585 2835 Philippo,
603 2800 648 2834 qui
664 2807 748 2827 annos
763 2808 821 2827 sex.

201 2836 228 2863 Si
241 2838 302 2870 quis
317 2838 398 2871 igitur
413 2836 522 2863 aliunde
542 2837 653 2870 ignarus
678 2836 799 2863 historiae
816 2835 887 2870 legat
901 2835 945 2862 hic

165 2871 324 2907 Gregorium
347 2872 545 2904 'l'urouensem,
571 2871 663 2898 credet
690 2879 754 2899 sane
771 2872 860 2898 omnia
883 2879 943 2906 qua:

1004 237 1054 264 Sub
1070 238 1207 264 Antonino
1234 237 1293 270 Pio,
1324 239 1448 272 adeoque
1478 238 1607 265 lrena-um
1630 238 1681 266 sub
1697 239 1796 266 eodem

1003 279 1064 308 esse
1078 279 1200 305 passum,
1217 274 1355 307 etiamque
1381 273 1518 301 Justinuin
1550 274 1743 308 philosophum
1767 279 1796 302 et

1003 307 1163 334 Pothinum:
1181 315 1241 341 qua:
1265 313 1353 334 tamen
1366 309 1484 342 ipsorum
1497 307 1715 335 adversariorum
1727 317 1798 336 con-

1003 342 1124 369 fessione
1139 347 1202 379 sunt
1218 343 1377 379 falsissima.
1396 343 1433 369 lla
1452 344 1523 370 enim
1540 344 1635 370 scribit
1648 344 1718 371 libro
1731 345 1788 379 pri-

1004 385 1049 414 mo
1061 385 1119 411 cap.
1137 377 1173 414 ἓξ
1186 386 1200 414 :7
1213 387 1222 403 I
1244 378 1311 404 Nam
1327 379 1376 405 sub
1394 378 1522 405 Antonini
1549 379 1663 414 imperio
1676 377 1796 406 Marcio-

1003 413 1098 439 nitaua
1113 418 1139 439 et
1152 411 1344 440 Valentiuiana
1372 414 1484 440 haeresis
1498 411 1594 440 insana
1610 415 1749 447 surrexit;
1765 420 1793 442 et

1003 447 1128 483 Justinus
1141 447 1318 482 philosophus
1333 453 1394 482 post
1408 449 1525 483 scriptos
1543 448 1684 476 catholicae
1695 449 1793 477 Eccle-

1003 482 1051 509 sia:
1064 482 1148 510 lihros
1164 483 1295 518 martyrio
1308 491 1356 517 pro
1367 482 1471 510 Christi
1494 485 1606 511 nomine
1629 489 1790 512 coronatur.

1003 518 1031 544 In
1046 518 1110 544 Asia
1126 523 1217 555 autem
1230 524 1289 555 orta
1304 518 1505 555 persecutione.
1521 519 1695 555 beatissimus
1708 519 1791 555 Poly-

1004 560 1112 587 carpns,
1129 559 1182 580 etc.
1201 553 1254 579 Sed
1269 558 1298 581 et
1315 554 1342 580 in
1355 553 1449 581 Galliis
1471 554 1548 581 inulti
1567 554 1723 587 proChristi
1737 553 1789 582 no-

1003 588 1076 624 mine
1088 594 1151 615 sunt
1166 596 1214 624 per
1231 589 1391 624 martyrium
1408 590 1521 621 gemmis
1534 589 1691 617 coelestibus
1706 597 1790 617 coro-

1002 623 1070 659 t_tati,
1090 623 1203 659 etc.7Ex
1220 624 1319 657 quibus
1347 628 1374 650 et
1397 624 1441 651 ille
1458 625 1570 659 primus
1596 624 1791 659 Lugdunensis

1002 657 1131 694 Ecclesia:
1147 658 1278 685 Pothinus
1292 660 1437 694 episcopus
1452 657 1513 691 fuit,
1526 664 1583 686 etc.
1610 657 1791 687 Beatissimus

1003 699 1069 729 vero
1087 693 1204 720 lrenmus
1221 693 1458 728 hujus’successor
1466 695 1608 729 martyris,
1623 700 1676 722 etc.
1693 704 1703 720 ι
1720 694 1791 729 Quis

1003 727 1040 754 ita
1054 728 1146 762 legens
1161 737 1213 755 non
1231 729 1333 756 diceret
1353 729 1443 755 omnia
1459 729 1508 756 sub
1529 727 1667 756 Antonino
1679 727 1790 758 Pio—ac-

1002 763 1113 799 cidisse,
1128 765 1224 791 eodem
1242 764 1370 790 nimirum
1387 769 1507 799 tempore
1527 772 1582 799 quo
1599 765 1744 792 Marcionis
1761 771 1790 793 et

1003 797 1139 826 Valentini
1156 799 1275 834 hmreses
1291 797 1491 834 surrexerunt?
1505 797 1617 827 Δι’νενο
1637 800 1715 834 longe
1737 800 1789 828 ali-

1004 837 1046 869 ter
1058 841 1105 869 res
1119 834 1210 861 habet.
1224 833 1291 860 Nam
1305 833 1429 861 Justinus
1444 835 1564 868 quidem.
1581 833 1746 869 Polyearpus
1761 842 1789 863 et

1003 866 1136 904 Pothinus
1150 877 1201 896 non
1217 869 1269 896 sub
1280 869 1418 896 Antonino
1433 866 1491 900 Pio.
1505 871 1551 897 sed
1566 870 1612 896 illo
1625 866 1727 904 pridem
1741 871 1789 898 de-

1002 902 1097 931 functo
1108 904 1158 931 sub
1174 905 1232 938 ejus
1248 904 1310 931 [iliis
1332 904 1488 939 interempti
1503 910 1580 932 sunt:
1598 902 1716 932 Iretttetts
1739 913 1789 932 au—

1002 943 1056 974 tem
1074 939 1157 966 multo
1169 940 1251 966 etiam
1268 944 1362 974 postea
1379 939 1429 967 sub
1448 941 1549 967 Severo
1563 941 1629 974 imp.
1641 940 1673 966 de
1687 941 1790 974 quibus

1001 973 1029 1011 i_n
1047 973 1255 1011 ipsorum_Vitis
1266 973 1460 1011 autmartyriis
1473 982 1523 1011 ago
1537 973 1633 1002 fusius.
1649 975 1682 1002 Et
1695 973 1787 1003 tamen

1001 1008 1148 1044 Gregorius
1161 1009 1329 1037 Turonensis
1342 1010 1367 1036 in
1385 1008 1480 1037 éadem
1492 1008 1550 1044 ipsa
1562 1011 1673 1045 pagina,
1690 1011 1737 1037 ubi
1754 1012 1789 1038 de

1001 1050 1106 1080 septem
1125 1045 1178 1072 illis
1192 1045 1330 1080 episcopis
1353 1046 1403 1072 sub
1420 1045 1500 1073 Decio
1514 1046 1539 1072 iu
1555 1044 1671 1072 Galliam
1693 1046 1787 1073 missis

1001 1079 1196 1113 hallucinatur,
1213 1079 1307 1107 rursus
1327 1087 1421 1107 errore
1437 1081 1527 1114 lapsus
1545 1081 1640 1107 scribit
1665 1082 1786 1114 quadra-

1000 1115 1076 1149 ginta
1094 1120 1155 1142 octo
1170 1120 1306 1150 martyres
1332 1116 1377 1150 (ex
1392 1115 1491 1150 quibus
1516 1116 1618 1150 pritnus
1639 1115 1721 1143 fuerit
1735 1116 1789 1144 Ve-

1002 1150 1055 1178 tius
1072 1150 1240 1185 Epagathus)
1269 1158 1364 1184 passos
1387 1158 1448 1178 esse
1474 1156 1536 1185 post
1557 1151 1705 1182 Irenteum;
1724 1158 1786 1178 eum

1001 1190 1107 1213 constet
1123 1192 1157 1212 ex
1182 1184 1302 1220 ipsarum
1337 1184 1559 1220 Lugdunensium
1594 1185 1709 1219 epistola
1729 1191 1786 1212 tum

1000 1221 1103 1255 scripta
1120 1221 1153 1247 de
1166 1221 1285 1255 ipsorum
1306 1222 1456 1256 martyriis,
1469 1221 1546 1256 longe
1565 1225 1629 1248 ante
1647 1221 1708 1248 illos
1725 1228 1788 1248 esse

999 1262 1095 1289 passos
1111 1263 1173 1283 eum
1190 1256 1317 1288 Pothino,
1332 1255 1462 1283 lrenxum
1470 1255 1561 1284 autem
1576 1255 1661 1283 multo
1677 1259 1705 1283 ut
1717 1256 1787 1288 dixi,

1000 1295 1093 1324 postea
1107 1291 1156 1317 suh
1165 1291 1277 1318 Severo.

1039 1325 1126 1361 Verba
1139 1325 1276 1361 Gregorii,
1293 1333 1328 1352 ne
1355 1326 1420 1353 mihi
1448 1326 1533 1361 gratis
1551 1326 1692 1358 credatur,
1720 1330 1786 1353 sunt

1000 1360 1073 1388 haec:
1094 1370 1104 1387 ς
1121 1360 1235 1388 Beatum
1259 1361 1392 1388 lrenxunt
1415 1360 1530 1388 diversis
1554 1361 1582 1388 in
1597 1369 1646 1388 sua
1661 1361 1785 1388 carnifex

998 1396 1144 1429 praesentia
1160 1398 1248 1430 pmnis
1261 1396 1386 1423 allectum
1402 1396 1512 1424 Christo
1528 1396 1642 1423 Domino
1657 1403 1706 1430 per
1716 1404 1786 1423 utar-

1000 1431 1101 1465 tyriunt
1126 1432 1271 1458 dedicavit.
1307 1431 1370 1458 Post
1391 1432 1464 1459 hunc
1478 1436 1504 1458 et
1519 1431 1698 1466 quadraginta
1724 1436 1786 1457 octo

999 1471 1133 1501 martyres
1149 1468 1220 1500 passi
1238 1472 1311 1497 sunt,
1329 1474 1363 1493 ex
1392 1468 1490 1501 quibus
1507 1467 1624 1500 primum
1643 1466 1728 1493 fuisse
1745 1466 1786 1492 le-

999 1502 1087 1535 gimus
1101 1502 1205 1528 Velinm
1221 1502 1402 1536 Epagathum.
1419 1511 1428 1528 ι
1446 1502 1483 1528 lla
1498 1501 1552 1528 ille.
1572 1501 1655 1535 Atqui
1674 1501 1786 1535 triginta

999 1537 1077 1563 annis
1092 1542 1153 1570 post
1170 1537 1235 1563 istos
1252 1542 1386 1571 martyres
1405 1537 1494 1563 adhuc
1507 1542 1647 1571 superstes
1658 1536 1785 1571 eratlre-

997 1579 1080 1601 naeus.
1101 1577 1126 1597 ul
1141 1572 1167 1598 in
1184 1572 1241 1605 ejus
1261 1572 1319 1598 Vita
1334 1579 1349 1598 a
1363 1579 1406 1599 me
1420 1572 1522 1606 scripta
1545 1571 1638 1598 videre
1652 1575 1704 1598 est.
1726 1570 1786 1598 Un-

997 1606 1030 1642 de
1043 1607 1137 1638 ntiror,
1155 1615 1212 1638 eos,
1226 1607 1271 1642 qui
1290 1609 1478 1634 auctoritatem
1495 1606 1618 1640 Gregorii
1637 1613 1686 1640 pro
1699 1613 1729 1632 se
1742 1606 1784 1631 al-

997 1640 1100 1676 legant,
1119 1642 1182 1668 dum
1199 1640 1257 1676 ejus
1273 1646 1363 1669 errata
1379 1642 1610 1676 chronographiea
1624 1646 1678 1667 tam
1696 1642 1785 1667 multa

997 1681 1026 1703 et
1041 1682 1096 1703 tam
1113 1684 1205 1704 crassa
1223 1683 1250 1704 et
1268 1682 1324 1704 tam
1351 1677 1441 1704 vicina
1471 1678 1626 1707 attendunt,
1645 1677 1667 1702 si
1691 1680 1784 1702 tamen

998 1712 1151 1744 attendant,
1169 1720 1221 1739 non
1239 1713 1391 1740 vehementi
1403 1712 1505 1746 pudore
1521 1710 1652 1738 sulIundi.
1670 1710 1704 1737 Et
1719 1718 1786 1737 vero

997 1748 1132 1809 ἓιιοιιιοᾱο
1149 1747 1236 1782 potuit
1247 1748 1297 1774 sub
1313 1747 1395 1774 Decio
1414 1747 1512 1773 miSsus
1528 1754 1587 1773 esse
1601 1746 1785 1780 Dionysiusin

1023 1782 1125 1809 alliam.
1139 1790 1200 1809 cutn
1219 1784 1363 1809 veterrima
1382 1781 1586 1809 Martvrolosia.
1601 1785 1630 1807 ut
1658 1782 1785 1809 superius

1023 1782 1125 1813 alliam,
1139 1781 1200 1809 cum
1219 1784 1363 1810 veterrima
1382 1781 1586 1816 Martyrologia,
1601 1785 1630 1807 ut
1658 1782 1788 1816 superius

998 1818 1116 1849 ostendi,
1127 1816 1216 1844 ferant
1230 1825 1262 1844 eo
1275 1818 1385 1844 missum
1398 1825 1413 1843 a
1425 1817 1563 1843 Clemente
1577 1816 1699 1842 Bonnano
1711 1824 1782 1850 pott-

1000 1852 1082 1884 tilice,
1097 1852 1186 1879 nullus
1202 1858 1290 1879 autem
1306 1853 1367 1880 talis
1379 1852 1505 1879 Clemens
1521 1850 1603 1877 fuerit
1619 1851 1669 1878 sub
1678 1850 1785 1877 Decio?

1033 1887 1066 1914 Et
1083 1887 1138 1922 ipse
1155 1888 1223 1914 lleda
1252 1889 1342 1921 (quem
1369 1895 1416 1922 pro
1429 1895 1463 1922 se
1472 1887 1566 1917 citant,
1581 1886 1644 1922 quia
1662 1885 1781 1922 diversus

998 1920 1179 1949 diebus'duos
1204 1920 1312 1949 videtur
1333 1920 1431 1949 inferre
1455 1921 1608 1957 Dionysius)
1622 1921 1650 1947 in
1666 1920 1718 1946 hoc
1732 1928 1789 1954 pro

999 1958 1077 1984 nobis
1099 1957 1243 1991 plurimum
1264 1958 1341 1990 facit,
1358 1961 1429 1991 quod
1450 1958 1524 1984 illum
1541 1956 1706 1983 Parisiorum
1718 1962 1781 1991 epi-

998 1989 1111 2027 scopum
1137 1993 1209 2019 dicat
1225 1989 1338 2020 missum
1359 1989 1374 2019 ἑ
1395 1992 1534 2019 Clemente
1554 1991 1691 2027 pontiﬁce.
1717 1989 1785 2027 lude

999 2025 1072 2053 enim
1088 2029 1221 2062 sequitur,
1243 2029 1314 2062 quod
1331 2029 1419 2062 primo
1434 2026 1544 2058 seculo,
1555 2025 1594 2062 ’et
1613 2025 1686 2062 nullo
1700 2025 1784 2051 modo

998 2064 1050 2089 sub
1065 2061 1156 2095 Decio,
1173 2063 1217 2096 qui
1230 2061 1309 2089 tertio
1324 2061 1391 2089 vixit
1402 2061 1521 2094 saeculo;
1538 2061 1627 2088 nullus
1638 2061 1709 2096 enim
1723 2064 1783 2087 tum

999 2096 1124 2132 Clemens
1148 2095 1284 2132 pontifex:
1302 2102 1349 2124 aut
1374 2098 1396 2125 si
1424 2101 1476 2129 est,
1503 2097 1654 2132 proferant.
1681 2095 1783 2132 Vener.

999 2131 1078 2159 Beda:
1094 2130 1174 2159 verba
1192 2132 1208 2160 9
1230 2133 1355 2160 Octobris
1379 2137 1442 2159 sunt
1466 2130 1545 2159 huic:
1566 2140 1575 2157 ι
1599 2131 1676 2165 Apud
1705 2130 1785 2157 Pari-

999 2168 1069 2194 sium
1088 2168 1179 2195 natale
1195 2174 1350 2195 sanctorum
1367 2172 1518 2202 martyrum
1535 2167 1654 2202 Dionysii
1673 2166 1785 2202 episcoj

1001 2203 1037 2238 pi,
1056 2202 1205 2230 Eleuther-ii
1230 2203 1379 2238 presbyteri
1402 2201 1558 2238 et’liustici
1579 2202 1702 2238 diaconi.
1730 2201 1785 2238 Qui

999 2237 1096 2273 beatus
1121 2238 1266 2273 episcopus
1282 2249 1296 2264 υ
1312 2237 1443 2272 pontilice
1457 2237 1597 2264 Clemente
1614 2237 1738 2263 ltoiuano
1749 2237 1783 2273 in

999 2272 1104 2300 Gallias
1120 2270 1253 2307 directus,
1272 2279 1301 2300 ut
1313 2270 1520 2307 praedicationis
1542 2280 1653 2307 operam
1673 2270 1785 2306 populis

999 2316 1013 2333 a
1031 2309 1083 2335 title
1095 2308 1195 2335 Christi
1214 2309 1310 2336 alienis
1327 2309 1479 2340 exhiberet,
1494 2310 1602 2335 tandem
1620 2307 1654 2333 ad
1665 2307 1786 2333 Parisio-

1000 2350 1058 2368 rmu
1070 2344 1207 2370 civitatem
1220 2343 1339 2373 devenit.
1352 2348 1379 2370 et
1389 2350 1437 2377 per
1446 2350 1531 2369 annos
1542 2343 1646 2376 aliquot
1657 2347 1786 2369 sanctqu

999 2385 1067 2411 opus
1091 2378 1207 2406 lideliter
1234 2384 1260 2406 et
1283 2379 1409 2405 ardenter
1433 2383 1588 2408 exsecutus.
1614 2386 1628 2403 a
1654 2377 1787 2411 praefecto

1000 2411 1171 2441 Fescennina
1193 2413 1313 2441 Sisinnio
1328 2413 1542 2447 comprehensus
1555 2417 1609 2444 est,
1623 2416 1651 2439 et
1676 2419 1738 2439 cum
1751 2419 1786 2438 eo

1000 2454 1110 2484 sanctus
1122 2453 1263 2484 presbyter
1285 2448 1460 2475 Eleutherius
1472 2453 1499 2475 et
1510 2448 1639 2484 Rusticus
1652 2447 1788 2474 diaconus

1000 2482 1088 2519 gladio
1106 2482 1286 2511 animadversi
1305 2485 1466 2519 martyrium
1487 2483 1702 2519 compleverunt.
1718 2491 1729 2506 ι

1037 2518 1069 2545 Et
1079 2520 1143 2553 quia
1157 2527 1209 2546 non
1232 2526 1306 2552 raro,
1322 2517 1385 2546 duni
1404 2526 1482 2546 sutttu
1496 2517 1655 2553 Gregorium
1680 2517 1789 2544 frustra

999 2552 1115 2587 iactant,
1136 2561 1213 2589 atque
1241 2555 1381 2588 antiquum
1398 2563 1413 2580 a
1427 2554 1504 2580 nobis
1529 2552 1669 2589 auctorem
1690 2552 1791 2587 posin-

1001 2590 1070 2621 lant,
1084 2591 1129 2623 qui
1146 2598 1159 2615 a
1173 2588 1255 2617 nobis
1271 2590 1317 2622 sit,
1345 2597 1409 2617 ecce
1433 2589 1566 2623 aequalem
1590 2588 1735 2623 Gregorio,
1763 2594 1793 2615 et

1000 2624 1071 2657 torte
1086 2625 1168 2651 etiam
1196 2629 1261 2651 natu
1289 2625 1474 2658 grandiorem,
1495 2624 1618 2651 doctrina
1644 2628 1720 2651 certe
1746 2625 1791 2649 vel

1000 2667 1092 2693 parem
1116 2660 1156 2686 vel
1179 2661 1348 2694 superiorem
1369 2660 1410 2687 eis
1433 2660 1589 2693 reponimus
1622 2658 1791 2686 Venantium

999 2695 1189 2728 Fortunatum,
1205 2697 1250 2729 qui
1266 2696 1399 2730 insignem
1413 2695 1447 2721 de
1460 2700 1553 2722 nostro
1568 2694 1698 2730 Dionysio
1712 2694 1792 2728 hym-

999 2738 1064 2756 num
1079 2728 1241 2764 composuit,
1259 2732 1285 2757 in
1302 2728 1355 2765 quo
1371 2731 1402 2757 de
1415 2730 1544 2757 missione
1558 2731 1616 2765 ejus
1630 2728 1645 2756 a
1657 2728 1790 2756 Cleiueu~

999 2770 1025 2791 te
1042 2766 1169 2799 pontiﬁce
1189 2766 1310 2793 ltomano
1334 2772 1463 2799 expresse
1488 2766 1622 2792 meminit.
1644 2765 1791 2792 Cttaverat

999 2801 1060 2827 olim
1072 2808 1133 2827 eum
1151 2802 1280 2836 hymnum
1301 2800 1442 2836 ilildunius
1454 2801 1549 2832 abbas,
1565 2801 1612 2836 sed
1624 2807 1678 2826 non
1692 2800 1789 2836 edide-

998 2841 1052 2867 rat,
1077 2843 1138 2863 eum
1153 2835 1225 2863 nunc
1238 2837 1293 2863 luci
1312 2837 1386 2863 dedit
1401 2835 1518 2862 Jacobus
1542 2835 1684 2862 Dubletius
1710 2835 1761 2862 lib.
1779 2841 1788 2862 l

998 2872 1193 2906 Aniiquitatum
1208 2873 1319 2900 suarum
1331 2877 1463 2904 extremo,
1476 2875 1570 2905 estque
1586 2870 1648 2897 talis
1664 2879 1671 2898 :
