1929 3092
214 228 266 256 883

595 225 641 254 DE
659 225 689 254 S.
710 225 859 253 DIONYSll
877 225 1107 253 ABEOPAGITIE
1128 224 1207 252 VITA
1224 225 1267 252 ET
1291 225 1447 256 SCRIPTIS

1787 224 1835 252 88$

214 284 298 317 culo?
321 292 381 312 cum
406 284 513 311 scilicet
536 287 564 310 et
586 283 774 318 episcoporum
800 291 833 310 ac
859 283 999 310 doctorum
1017 285 1039 313 Α
1054 290 1125 315 mus,
1138 282 1245 309 firmum
1258 283 1397 318 fixumque
1406 284 1548 316 habeatur,
1561 290 1644 311 unum
1660 282 1834 318 ciumdemqiie

216 321 306 347 minor
319 325 391 347 esset
407 320 496 353 copia.
513 324 539 345 et
554 318 640 346 Gallia
657 326 771 346 numero
781 319 1000 346 Christianorum
1029 342 1030 345 η

214 355 362 383 desertior.
380 355 435 382 Nec
450 355 501 382 hoc
515 361 580 381 sane
600 361 697 380 novum
713 359 760 380 aut
780 353 928 381 Parisiensi
945 353 999 380 Ec-

215 391 306 418 clesiae
318 390 472 424 proprium,
486 389 556 423 quod
568 388 759 424 episcoporum
771 389 922 416 continenti
937 395 1000 415 suc-

215 423 341 453 cessione
357 423 402 452 illo
415 431 472 452 aavo
484 424 614 451 caruerit.
628 423 683 451 Hoc
697 424 770 451 enim
787 429 815 451 et
829 423 922 451 multis
937 424 999 451 aliis

215 461 327 492 accidit.
341 460 380 486 Ac
400 460 433 487 de
449 458 597 486 Rhemensi
610 460 719 493 quidem
735 459 853 487 Ecclesia
869 459 1000 486 Flodoar-

215 496 268 523 dus
283 495 434 530 presbyter,
451 494 568 528 scriptor
581 495 673 530 gravis
690 502 780 529 (quem
797 494 869 521 haud
886 495 922 520 ita
943 494 999 530 pri-

215 529 444 558 dem’ediderunt
464 534 491 556 et
510 529 620 564 egregie
640 529 812 556 illustrarunt
836 529 1000 559 Sirmoudus

215 570 309 595 noster
323 570 350 592 et
361 564 494 599 Georgius
507 564 695 597 Colvanerius)
712 565 815 592 diserte
829 564 924 592 scribit
938 568 1000 598 post

215 599 277 627 illos
300 601 402 635 primos
423 600 697 635 ejusdenirEcrlesite
719 600 873 635 pontifices,
892 600 997 630 beatos.

215 634 336 669 inquaiii,
357 635 464 662 Sixtum
479 642 511 662 ac
531 634 664 662 Sinicitim
680 635 767 662 sancti
787 634 861 662 Petri
882 635 999 669 apostoli

214 668 373 704 discipulos.
393 678 479 704 usque
495 670 528 697 ad
545 670 687 704 imperium
711 670 882 697 Constantini
898 668 997 703 Magni,

233 712 264 731 er
279 705 332 732 tria
352 705 459 733 scilicet
480 705 578 735 saecula
598 705 709 732 unicum
727 705 872 732 memorari
894 711 998 738 praesu-

225 748 266 767 em
281 740 449 767 Amansium.
472 739 505 772 Et
522 748 556 767 ne
575 741 658 767 verba
674 741 732 773 ejus
753 740 875 767 auct0ris
890 739 996 766 deside-

215 780 320 807 rentur,
339 775 466 809 subjicio.
487 775 579 809 Itaque
599 775 647 802 lib.
666 783 675 802 i
708 775 811 802 Hister.
838 774 990 801 Rhemcnsis

216 809 350 851 Ecclesiae,
367 815 509 851 postquam
532 811 658 851 superius
675 809 709 837 de
725 810 823 851 primis
833 809 950 851 an-Petr'o‘
970 810 996 836 in

213 853 274 871 eam
289 843 396 872 Vinea-Ill
413 843 503 873 missis
522 843 589 880 egit,
609 845 645 871 ita
665 843 734 880 cap.‘
748 845 764 871 5
783 844 893 872 subdit:
910 850 919 865 ί
930 843 998 871 Fre-

213 881 358 914 quentibus
376 880 460 915 igitur
474 879 692 915 persecutionum
707 879 832 915 procellis
845 880 996 915 intonanti-

214 915 266 941 hiis
291 914 420 942 Eaclesia:
445 914 542 951 puppis
565 920 665 942 nostra:
685 914 801 948 jactata,
824 914 997 951 diversisque

214 957 345 984 oppressa
359 949 637 985 ﬂuctibus,tqiioniain
655 950 698 977 vix
715 955 796 984 caput
808 949 934 976 attollere
948 957 996 983 po-

215 989 297 1021 terat,
322 991 423 1019 quanto
445 987 524 1013 sedes
548 986 605 1020 ipsa
633 990 753 1021 tempore
782 989 890 1021 rectore
911 991 995 1011 vacua

213 1019 296 1054 digno
318 1021 465 1051 resederit,
491 1019 565 1050 haud
583 1021 663 1047 facile
681 1019 833 1056 panditur:
858 1020 938 1056 adeo,
966 1024 996 1045 ut

213 1060 275 1088 post
301 1060 339 1083 tot
365 1056 519 1090 praemissos
543 1061 643 1083 nostra!
669 1054 730 1082 lldei
755 1059 857 1089 patres,
885 1054 995 1085 beatum

214 1090 319 1117 Sixtum
338 1089 419 1124 atque
437 1091 581 1122 Sinicium,
603 1098 686 1117 unum
702 1091 835 1116 duntaxat
851 1089 995 1124 priesulein

214 1125 387 1152 inveniamus
396 1126 554 1152 Ainatisiom
567 1125 600 1151 ad
613 1125 755 1159 imperium
765 1131 849 1158 usque
860 1124 996 1151 Constan—

214 1161 262 1191 tini
281 1170 287 1188 ε
304 1161 353 1188 sub
366 1167 418 1195 quo
435 1160 576 1187 Betausius
587 1161 731 1195 reperitur,
747 1161 792 1194 qui
812 1167 873 1186 cum
891 1159 996 1186 Primo-

213 1197 304 1228 genito
317 1196 429 1222 diacono
443 1203 492 1222 suo
505 1195 608 1229 primus
623 1203 656 1222 ex
668 1196 719 1221 bac
734 1195 841 1228 Belgica
858 1195 995 1228 provincia

213 1231 310 1265 tegltur
327 1230 478 1257 Arelatensi
493 1231 586 1264 primae
601 1229 758 1257 interfuisse
773 1230 889 1265 synodo,
904 1229 996 1256 relata:

232 1272 262 1299 cr
275 1264 410 1292 Marinum
422 1265 578 1299 episcopum
593 1265 751 1292 beatissimo
763 1264 838 1299 papa:
854 1264 994 1297 Silvestro,

237 1299 361 1327 olusiano
375 1304 404 1327 et
417 1299 524 1327 Aniano
545 1299 625 1328 Cass.
644 1300 708 1327 Post
723 1307 803 1334 quem
826 1299 908 1333 Aper,
933 1300 995 1326 inde

213 1334 409 1367 Materiiiaiius,
424 1343 433 1359 ι
448 1338 500 1361 etc.

250 1370 350 1397 Deinde
369 1370 526 1404 respuiideri
540 1373 640 1404 potest,
664 1369 782 1404 seposita
802 1369 885 1396 etiam
905 1369 995 1396 throni

212 1404 376 1440 episcopalis
395 1405 550 1437 vacatione,
564 1405 714 1432 mediorum
727 1406 916 1439 episcoporum
932 1405 996 1431 uul-

211 1440 265 1472 lam
286 1446 347 1466 esse
370 1440 546 1472 mentionem,
570 1448 623 1466 non
642 1440 713 1473 quod
734 1440 752 1466 li
777 1440 923 1469 deluerint,
947 1440 995 1466 sed

212 1476 284 1510 quod
303 1478 350 1501 aut
364 1475 472 1501 obscuri
490 1475 602 1506 fuerint,
621 1475 809 1510 deﬁcientibus
827 1475 872 1509 qui
891 1475 995 1501 scribe-

213 1509 293 1542 i‘eiit',
319 1514 365 1536 aut
388 1510 410 1536 si
431 1510 526 1544 scripti
551 1510 615 1537 olim
638 1509 750 1542 fuerint,
773 1515 861 1536 tamen
886 1510 994 1543 injuriis

214 1550 364 1580 temporum
380 1544 459 1572 deleti
473 1547 538 1580 sint.
554 1545 593 1571 lta
608 1545 664 1572 fere
677 1545 759 1572 simili
780 1545 806 1571 iii
822 1546 931 1579 negotio
953 1553 996 1571 re-

215 1581 331 1614 spondet
344 1579 463 1616 .Io_annes
478 1579 607 1610 Dadraeus
618 1581 644 1606 iii
667 1580 847 1616 Chronologia
860 1580 994 1616 archiepi-

212 1622 354 1649 SCOpOl‘llm
370 1614 641 1649 Rotlioniagensiuni,
656 1615 701 1642 ubi
717 1616 750 1642 de
765 1616 795 1642 S.
808 1614 908 1642 Nicasii
922 1621 948 1642 et
964 1615 994 1641 S.

212 1623 258 1641 suo
277 1623 354 1642 orum
370 1623 563 1649 notnoniageii:

212 1623 334 1682 Mellonis
353 1650 410 1685 agit
426 1651 563 1677 distantia.

247 1684 347 1724 Quae,
362 1684 391 1712 ut
411 1685 472 1713 huic
495 1685 574 1712 linem
589 1685 764 1723 disputationi
788 1686 895 1714 tandem
915 1693 999 1720 pona-

1053 325 1124 350 esse,
1145 318 1190 351 qui
1214 318 1278 344 olim
1301 317 1481 349 Athenarum,
1502 324 1529 346 et
1553 322 1645 352 postea
1670 317 1832 344 Parisiorum

1051 353 1179 388 princeps
1194 353 1274 380 fuerit
1291 355 1444 388 episcopus;
1458 354 1515 387 Qua
1532 354 1565 381 de
1580 361 1608 380 re
1621 360 1702 388 quam
1717 352 1781 388 mihi
1793 361 1834 379 ar-

1052 388 1123 414 ridet
1137 387 1230 415 Jacobi
1248 387 1327 415 Fabri
1344 389 1527 423 Stapuleusis,
1554 388 1605 415 viri
1630 387 1702 414 docti
1718 387 1833 423 juxtaret

1051 423 1087 457 pii
1105 423 1255 456 sententia,
1272 429 1327 451 tam
1347 422 1522 451 hic'minime
1535 428 1577 451 est
1594 422 1831 458 praetermittenda.

1055 468 1065 485 ι
1086 459 1209 494 Insuper,
1230 459 1330 493 inquit,
1346 466 1398 486 non
1422 459 1482 486 sine
1503 457 1601 486 divinat
1615 457 1787 494 ordinatione
1807 462 1833 483 et

1050 492 1158 521 summa
1182 492 1353 528 providentia
1377 494 1402 521 id
1431 494 1556 521 eﬂ'ecluni
1577 500 1638 520 esse
1663 493 1730 519 milii
1748 492 1832 519 visum

1050 534 1104 564 est,
1124 534 1154 556 ut
1171 528 1216 556 hic
1231 529 1437 556 sacratissimus
1453 535 1480 557 et
1494 529 1573 564 longe
1590 528 1681 556 divina
1699 528 1832 564 sapientia

1050 563 1252 591 illustrissimus
1266 564 1356 596 Pater,
1371 564 1487 598 primum
1500 562 1706 591 Atheniensium
1723 562 1832 589 antistes

1049 599 1167 626 Atticam
1180 600 1281 626 rexerit
1294 599 1457 632 Ecclesiam,
1473 605 1500 626 et
1511 599 1648 626 civitatem
1666 598 1832 632 primariam,

1049 634 1173 661 omnium
1194 639 1334 668 parentem
1364 633 1529 666 litterarum,
1551 633 1757 668 illuminaverit.
1777 633 1833 666 Qua

1050 667 1202 696 illuminata
1226 677 1288 696 mox
1311 669 1338 695 iii
1362 668 1463 696 Gallias
1485 677 1499 695 a
1522 668 1680 696 beatissimo
1697 667 1834 695 Clemente

1051 704 1192 738 apostolus
1206 705 1317 735 missus,
1332 704 1423 732 sedem
1435 704 1505 738 apud
1519 703 1685 731 Parisiorum
1700 703 1833 738 insignem

1049 737 1146 766 urbem
1165 742 1224 770 (seu
1237 739 1407 768 Parrhisiuin
1427 737 1474 766 seu
1498 738 1635 768 Lutetiam
1656 737 1832 772 appellarent)

1048 774 1194 809 delegarit.
1217 773 1282 807 Quae
1304 775 1400 802 melius
1420 774 1547 809 Dionysia
1568 781 1583 800 a
1599 773 1730 808 Dionysio
1747 773 1834 807 primo

1050 808 1130 845 542
1142 817 1191 836 suo
1203 810 1326 836 antistite
1339 815 1366 836 et
1382 808 1516 843 apostolo,
1526 809 1614 845 primo
1629 813 1787 845 susceptare
1802 815 1834 835 ac

1050 842 1253 878 Fegfneratore,
1278 852 1359 878 quam
1377 842 1411 871 ab
1430 845 1511 874 Iside,
1527 842 1582 870 taut
1600 844 1669 875 luto,
1693 848 1723 870 ut
1741 842 1835 870 volunt

1050 879 1184 911 nonnulli,
1200 879 1333 913 potuisset
1347 879 1490 914 appellari.
1503 878 1611 914 Primus
1624 879 1696 906 enim
1719 885 1780 905 eam
1800 881 1835 914 ad

1049 914 1112 940 vita:
1126 914 1215 941 fontes
1228 914 1316 942 erexit
1333 913 1486 941 in’Cliristo
1497 913 1636 948 parvulam
1650 914 1751 948 (solent
1763 913 1834 941 enim

1049 949 1129 984 primi
1146 955 1317 983 susceptores
1331 950 1425 976 indere
1439 949 1576 983 nomina);
1599 949 1705 983 primus
1720 953 1834 975 mortem

1048 983 1082 1010 ab
1097 991 1128 1010 ea
1145 983 1283 1019 eifugavit,
1305 990 1333 1011 et
1351 985 1459 1011 induxit
1482 985 1585 1017 vitam;
1604 991 1685 1018 quam
1707 984 1735 1011 in
1755 983 1836 1010 Chri-

1047 1020 1139 1046 stiano
1153 1019 1238 1051 cultu,
1256 1027 1304 1047 suo
1315 1020 1447 1052 sanguine
1463 1025 1490 1047 et
1501 1019 1622 1046 omnium
1637 1024 1833 1046 tormentorum

1048 1054 1234 1081 molitionibus
1258 1055 1376 1082 libenter
1398 1056 1532 1088 susceptis
1556 1055 1664 1081 tandem
1685 1054 1834 1082 continua-

1047 1090 1096 1117 vit.
1118 1088 1194 1116 Unde
1215 1093 1241 1116 et
1261 1090 1346 1117 victor
1369 1090 1470 1117 mundo
1494 1089 1662 1122 triumphato
1681 1090 1716 1116 ad
1737 1089 1832 1118 Dcum,

1046 1124 1091 1158 qui
1119 1124 1205 1158 ipsum
1227 1125 1349 1156 miserat,
1375 1125 1546 1153 conscendit.
1569 1123 1638 1151 Tum
1662 1125 1734 1151 Deus
1760 1124 1833 1150 illum

1047 1159 1145 1190 locum,
1163 1159 1268 1193 piorum
1285 1160 1436 1187 studiorum
1452 1161 1555 1187 fontem
1574 1159 1790 1194 prteordinavit;
1805 1164 1834 1185 ut

1047 1194 1080 1220 ad
1101 1201 1191 1228 quem,
1212 1194 1238 1221 in
1259 1199 1364 1222 certum
1389 1200 1502 1222 eventus
1523 1195 1560 1221 rei
1580 1200 1783 1229 argumentum.
1801 1202 1833 1223 ex

1046 1229 1162 1256 Athenis
1181 1230 1269 1255 virum
1285 1237 1366 1263 supra
1385 1237 1493 1262 omnem
1511 1230 1656 1256 humanam
1671 1230 1833 1264 sapientiam

1047 1265 1158 1291 doctum
1173 1265 1315 1292 direxerit.
1332 1265 1387 1292 Vox
1401 1266 1484 1299 igitur
1499 1264 1627 1299 Dionysia
1640 1265 1774 1292 bonarum
1790 1264 1834 1290 lit-

1048 1303 1170 1326 terarum
1191 1300 1312 1326 omnium
1332 1300 1485 1334 acadeniia,
1499 1301 1595 1327 eadem
1610 1302 1638 1327 et
1658 1299 1833 1330 Parisiensis,

1046 1341 1128 1368 quam
1143 1342 1212 1361 unus
1230 1335 1356 1369 idemque
1369 1335 1451 1362 Pater
1465 1335 1566 1362 sociam
1584 1335 1650 1362 fecit
1664 1334 1792 1365 Athenis,
1808 1339 1835 1360 et

1047 1376 1184 1401 sororem,
1200 1375 1292 1397 vestro
1310 1371 1464 1404 applaudite
1478 1370 1613 1404 apostolo,
1635 1376 1727 1397 vestro
1744 1369 1834 1402 primo

1047 1405 1164 1440 antistiti
1184 1409 1211 1431 et
1232 1408 1348 1438 parenti,
1371 1406 1460 1440 primo
1475 1407 1508 1432 ad
1532 1406 1615 1431 vitam
1638 1404 1793 1439 susueptori
1807 1408 1834 1430 et

1047 1438 1235 1472 illuininatori,
1261 1445 1289 1466 et
1310 1438 1380 1475 ejus‘
1391 1448 1485 1467 sacras
1507 1440 1665 1474 disciplinas
1680 1441 1706 1466 in
1722 1438 1837 1469 honore

1047 1475 1188 1510 suscipite,
1209 1476 1333 1508 atquein
1354 1476 1393 1502 eis
1414 1475 1480 1510 ipsis
1495 1475 1554 1503 dies
1576 1480 1728 1510 noctesque
1749 1475 1835 1508 proii-

1046 1509 1108 1535 cite.
1129 1519 1138 1535 i
1157 1509 1202 1537 Sic
1214 1510 1269 1538 ille.

1082 1544 1116 1571 Et
1124 1545 1179 1581 hoc
1192 1553 1257 1572 sane
1270 1545 1366 1572 melius
1378 1553 1459 1581 quani
1475 1545 1644 1579 inquirendis
1653 1551 1749 1572 contra
1764 1548 1837 1575 hanc

1048 1583 1103 1606 tant
1123 1580 1202 1614 longo
1223 1585 1362 1615 receptam
1385 1580 1529 1608 illlel'VitllO
1551 1581 1715 1608 sententiam
1732 1582 1837 1609 inutili-

1050 1615 1276 1651 busrargumentis
1285 1617 1294 1641 l
1298 1620 1387 1642 rustra
1401 1622 1506 1650 tempus
1514 1616 1670 1651 insumere.
1682 1615 1715 1642 Et
1728 1625 1836 1651 quaso,

1011 1645 1033 1673 C
1052 1657 1085 1676 ne
1100 1645 1177 1677 luetis
1191 1651 1269 1677 detur
1288 1651 1332 1678 isti
1348 1645 1468 1685 querela}
1482 1659 1489 1677 :
1509 1650 1574 1682 Filii
1593 1651 1686 1678 matris
1706 1645 1772 1680 ηιὲεε
1789 1645 1839 1688 pit;

1053 1691 1200 1718 gnaverunt
1212 1691 1303 1712 contra
1316 1694 1366 1718 me.
1383 1691 1394 1704 Ζ

895 1803 1080 1840 ΟΗΛΕΞΤΙΟ
1100 1805 1139 1835 ll.

769 1868 813 1901 De
840 1869 969 1907 scriptis
992 1873 1093 1899 sancti
1115 1869 1272 1909 Dionysii.

249 1931 312 1961 Fuit
336 1931 394 1961 haec
412 1939 520 1966 semper
538 1937 619 1967 atque
643 1932 792 1959 etiamnum
814 1937 855 1960 est
874 1933 998 1960 celeber-

214 1971 284 1996 rima
298 1968 368 1994 inter
383 1966 478 2002 d'octos
498 1967 571 1995 viros
585 1968 711 2002 quaestio,
731 1968 874 2002 cujusuain
891 1969 946 1995 sint
965 1977 998 1996 ea

213 2004 326 2036 scripta,
345 2009 405 2038 quae
427 2001 620 2038 suerionys'ii
642 2001 814 2037 Areopagitas
837 2004 946 2030 nomine
970 2005 997 2030 in

213 2039 302 2069 lucem
326 2037 464 2072 prodiere,
487 2037 610 2071 ipsiusiie
632 2045 727 2065 revera
754 2038 937 2073 Areopagitae,
963 2046 997 2066 an

213 2073 337 2101 alterius.

248 2108 415 2149 Tractarunt
427 2115 487 2135 eam
499 2108 663 2149 complures,
674 2108 772 2149 partim
785 2107 998 2149 Graci,_partiin

215 2143 324 2175 Latini;
345 2143 445 2178 partim
460 2143 601 2175 catholici,
618 2143 717 2178 partim
734 2143 867 2171 htcretici.
887 2143 921 2171 Et
937 2145 998 2178 qui-

213 2180 276 2205 dem
288 2178 335 2212 qui
347 2179 539 2205 ailirmativain
553 2184 658 2213 partem
673 2183 830 2208 tenuerunt,
846 2186 878 2206 ea
892 2179 999 2207 scilicet

213 2215 313 2247 scripta
327 2221 390 2240 vere
406 2221 465 2240 esse
481 2214 603 2249 Dionysii
623 2214 806 2248 Areopagitae,
828 2222 844 2242 e
863 2220 935 2241 caatu
953 2222 1000 2242 ca-

215 2249 317 2275 tholico
333 2255 403 2282 pene
422 2256 519 2275 omnes
541 2249 652 2280 fuci-unt
667 2257 673 2275 :
690 2249 736 2283 qui
752 2256 816 2276 vero
830 2250 998 2284 negativaui,

214 2284 333 2312 maxima
346 2291 379 2310 ex
392 2288 469 2318 parte
481 2284 614 2317 haeretici,
625 2285 801 2318 quantumvis
811 2285 903 2319 aliquo
915 2287 997 2312 etiam

214 2326 328 2347 numero
344 2318 482 2345 catholici.

249 2355 288 2380 Ac
305 2360 338 2380 ne
351 2354 395 2379 cui
413 2354 440 2380 iii
457 2359 574 2386 mentem
596 2354 698 2387 veniat,
714 2362 758 2381 me
779 2359 839 2390 post
859 2360 897 2382 tot
918 2356 998 2390 hujus

214 2389 372 2424 quaestionis
385 2393 546 2416 tractatorcs
563 2390 654 2419 videri-
668 2395 760 2417 actum
780 2389 875 2424 agere.
891 2389 999 2418 discent

213 2431 246 2452 ex
260 2425 312 2451 lioc
327 2428 422 2450 nostro
440 2428 567 2456 tractatu,
586 2425 741 2459 quicunque
753 2425 873 2452 animum
889 2427 997 2460 adjece-

215 2465 280 2489 rint,
293 2459 432 2485 meliorem
449 2466 498 2485 nos
515 2461 540 2485 in
553 2467 606 2486 non
619 2461 713 2494 paucis
727 2465 848 2487 teiiuiSse
861 2459 996 2491 refutandi

216 2495 298 2525 viain,
312 2501 394 2527 quatit
410 2494 455 2527 qui
469 2501 518 2521 nos
533 2495 684 2529 antegressi
698 2500 762 2522 sunt
778 2502 785 2520 :
807 2496 924 2530 itemque
940 2505 995 2523 cer-

216 2535 305 2555 lul'um
319 2534 543 2562 argumentorum
560 2529 624 2556 hinc
638 2530 701 2557 inde
713 2530 857 2557 allatorum
880 2529 920 2558 vel
934 2533 998 2559 vitia

215 2564 362 2594 detexisse,
380 2563 420 2590 vel
437 2569 570 2590 momenta
590 2566 746 2593 adauxisse.

249 2599 340 2626 Prima
368 2598 452 2633 igitur
478 2601 623 2632 sententia,
647 2607 733 2635 eaque
751 2608 824 2633 vera,
850 2607 892 2628 est
918 2602 996 2629 lucc:

215 2635 304 2669 Opera
320 2641 380 2668 qua:
396 2634 526 2671 Dionysii
548 2634 719 2670 Areopagitae
739 2637 849 2663 nomine
866 2638 997 2671 inscripta

215 2675 289 2701 sunt,
305 2677 367 2696 vere
385 2669 456 2697 illius
467 2675 541 2702 sunt,
554 2676 582 2696 et
596 2669 645 2704 pro
660 2669 761 2698 talibus
780 2672 874 2698 haberi
887 2669 996 2700 decc—iit.

251 2704 374 2733 Primum
394 2710 588 2739 argumentum.
604 2706 672 2738 Quia
688 2707 710 2732 si
729 2706 755 2732 in
773 2715 803 2733 re
817 2706 898 2733 dubia
914 2713 940 2733 et
958 2709 998 2734 iii-

215 2747 304 2772 certa,
317 2741 424 2775 qualem
437 2748 498 2767 eSSc
511 2742 580 2767 hanc
598 2742 716 2768 nonnulli
731 2741 834 2773 volunt,
850 2742 945 2768 melior
955 2749 997 2770 est

216 2777 336 2804 conditio
359 2776 532 2810 possidentis,
548 2782 650 2810 quanto
672 2776 758 2811 magis
777 2785 809 2803 ex
833 2782 909 2804 tanto
929 2782 996 2804 teni-

215 2819 291 2846 pore,
309 2817 334 2838 et
355 2820 369 2838 ii
387 2817 427 2838 tot
447 2813 563 2844 sacculis,
586 2812 698 2839 deletiso
722 2820 830 2847 semper
848 2813 910 2846 jure
935 2822 994 2846 suo,

215 2849 286 2874 bona
305 2848 358 2874 lidc
378 2848 561 2881 possidentis?
574 2847 642 2874 Nam
658 2849 692 2874 ab
706 2848 912 2875 imnieinorabili
930 2854 997 2876 tem-

215 2890 282 2919 pore
293 2882 383 2909 habita
396 2888 460 2910 sunt
475 2885 532 2912 haec
546 2883 633 2918 Opera
651 2891 700 2921 pro
715 2885 797 2915 rebus
813 2884 994 2924 Areopagum,

250 2956 262 2976 ι
276 2950 355 2984 Cant.
367 2960 387 2986 i,
403 2952 430 2980 5.

1052 1942 1112 1961 cum
1129 1939 1279 1973 n0i_i__qucat
1294 1935 1426 1973 assignari
1441 1937 1570 1971 spatium,
1582 1945 1635 1972 quo
1650 1939 1708 1973 ipsa
1721 1940 1842 1971 alterius

1051 1975 1079 1996 et
1096 1977 1148 1996 non
1171 1970 1242 1997 illius
1260 1971 1352 1997 habita
1371 1972 1435 1998 sint.
1453 1970 1473 1998 Ᾱ
1489 1972 1562 1999 inille
1574 1970 1646 2000 enim
1658 1970 1744 2001 retro
1758 1978 1842 2003 annis

1052 2012 1140 2043 eoque
1158 2006 1274 2043 amplius
1292 2006 1417 2043 laudatus
1432 2008 1594 2034 nominatim
1610 2010 1750 2043 reperitur
1772 2011 1842 2038 Dio-

1053 2040 1148 2078 iiysius
1163 2041 1339 2078 Areopagita,
1363 2046 1392 2068 ut
1410 2043 1506 2069 lioruin
1532 2048 1628 2070 auctor
1640 2040 1761 2078 operum
1780 2055 1788 2072 :
1813 2053 1843 2074 et

1052 2074 1105 2101 fuit
1124 2082 1205 2114 nemo
1221 2074 1350 2103 hactenus
1368 2082 1422 2114 tatu
1441 2078 1598 2114 imprudens
1615 2074 1841 2114 aut—impudens.

1054 2111 1209 2149 taiitaudax
1226 2113 1459 2149 aut_teinerariu_s,
1482 2113 1528 2149 qui
1546 2113 1635 2140 alieno
1653 2115 1704 2140 sub
1714 2111 1842 2143 'nomine

1053 2152 1083 2183 ea
1108 2143 1196 2183 Opera
1222 2146 1365 2183 evulgarit.
1389 2143 1510 2176 Fuerunt
1533 2149 1642 2181 quidem
1663 2149 1711 2183 qui
1740 2152 1787 2177 vel
1809 2153 1843 2177 ad

1051 2180 1250 2218 Apollinarem,
1263 2180 1305 2207 vel
1321 2182 1355 2218 ad
1371 2182 1453 2218 alium
1465 2189 1480 2209 a
1496 2180 1588 2210 nostro
1599 2180 1778 2218 Dionysium,
1792 2194 1842 2213 seu

1052 2215 1235 2247 Corinthium,
1253 2223 1300 2243 seu
1315 2217 1540 2250 Alexandrinum,
1557 2226 1621 2246 suas
1635 2215 1731 2246 tenues
1747 2215 1779 2247 et
1796 2228 1843 2247 vix

1054 2250 1171 2290 refutatu
1193 2251 1286 2291 dignas
1303 2253 1473 2291 applicarent
1494 2253 1667 2287 conjecturas
1681 2262 1690 2280 :
1715 2256 1769 2282 sed
1794 2258 1842 2291 qui

1053 2286 1133 2324 serio
1144 2287 1211 2324 tueri
1227 2294 1260 2313 ac
1275 2295 1445 2323 propugnare
1461 2286 1643 2321 intenderent,
1666 2294 1716 2316 aut
1735 2286 1841 2318 noiu'eu

1051 2321 1168 2359 alicujus
1181 2322 1288 2353 illorum
1304 2321 1444 2358 praeﬁgere
1468 2324 1544 2350 hisce
1563 2325 1672 2359 scriptis
1688 2326 1840 2358 auderent,

1050 2357 1116 2382 nulli
1133 2356 1254 2383 fuerunt.

1086 2392 1136 2424 Qui
1151 2399 1215 2430 vero
1226 2398 1290 2420 ante
1309 2393 1382 2419 mille
1394 2400 1484 2430 annos
1501 2393 1573 2423 hunc
1588 2395 1787 2430 Areopagitam
1803 2397 1842 2423 ci-

1052 2431 1156 2465 taruiit,
1170 2428 1196 2453 in
1222 2433 1350 2465 promptu
1365 2429 1452 2465 habeo
1474 2428 1615 2456 Leontium
1638 2428 1841 2465 Byzantii-um.

1049 2468 1076 2488 et
1100 2463 1130 2489 ὃ.
1144 2463 1317 2490 Anastasntni
1337 2464 1481 2498 Sinaitain,
1498 2471 1570 2491 viros
1586 2463 1685 2499 magna
1708 2468 1841 2496 doctrina

1049 2503 1077 2524 et
1093 2499 1268 2536 auctoritate.
1281 2499 1375 2526 ambos
1392 2500 1543 2536 imperante
1556 2500 1712 2527 Justiniano
1729 2501 1769 2536 (is
1782 2510 1842 2529 sus-

1049 2533 1123 2572 cepit
1139 2534 1285 2572 imperium
1302 2541 1375 2572 anno
1390 2534 1492 2572 Christi
1511 2534 1618 2562 Domitii
1633 2536 1711 2570 5‘27),
1725 2533 1841 2572 Scriptis

1050 2569 1183 2600 illustres,
1203 2574 1229 2595 et
1250 2569 1366 2603 plurima
1389 2571 1440 2596 55.
1465 2573 1575 2597 Patrum
1597 2571 1718 2598 lectione
1734 2569 1843 2599 iiistru‘

1049 2609 1118 2631 ctos.
1143 2604 1263 2639 Quorum
1289 2606 1365 2639 prior
1388 2605 1435 2634 lib.
1456 2614 1486 2638 ii,
1510 2612 1605 2633 contra
1626 2608 1790 2633 hestoriuui
1816 2612 1843 2634 et

1050 2639 1228 2674 Eutychetem
1255 2641 1437 2675 producturus
1462 2647 1585 2667 veterum
1608 2642 1784 2675 testimonia,
1803 2650 1844 2670 su;

1049 2676 1179 2712 praefatur
1193 2682 1199 2700 :
1220 2675 1453 2712 Quon‘iumrgrartia
1470 2675 1580 2708 Christi,
1592 2678 1769 2711 quaestiones,
1783 2686 1846 2712 qua:

1048 2711 1159 2743 speciem
1182 2710 1378 2743 probubilttatis
1403 2711 1544 2744 habebant,
1565 2710 1613 2744 pro
1637 2712 1738 2738 uiribus
1761 2710 1848 2740 culi-i-

1049 2752 1121 2776 ηιμ-ς,
1134 2746 1242 2779 polliciti
1258 2754 1316 2772 vero
1332 2754 1423 2772 sumus
1438 2747 1594 2773 testimoniis
1608 2751 1725 2773 ceterum
1741 2750 1848 2780 conﬁr—

1048 2787 1120 2805 mare
1144 2788 1203 2814 quae
1220 2781 1451 2816 diuinum-accipe
1474 2783 1502 2808 in
1525 2782 1604 2815 [idem
1633 2783 1849 2809 multitudinem

1049 2817 1267 2850 testimoniorum,
1287 2817 1441 2851 mquubilem
1455 2818 1621 2843 modulatum
1638 2817 1759 2844 veritatis
1778 2827 1850 2844 con-

1049 2855 1152 2876 centum
1164 2853 1292 2878 edentem.
1311 2853 1413 2879 Deinde
1429 2857 1489 2887 post
1503 2856 1626 2886 quaedam
1642 2854 1695 2879 alia
1710 2854 1848 2887 ejus-leni

1047 2886 1226 2923 pricl‘atioiiis,
1240 2889 1302 2915 dum
1316 2886 1603 2924 prol'ert’testiuionia,
1615 2895 1707 2926 primo
1722 2886 1849 2923 prorsus
