1929 3092
150 210 203 238 889

602 209 632 238 Ρ.
651 209 800 239 HALLOIX
818 209 892 238 ΘΟΕ.
909 209 992 238 JESU
1023 209 1256 244 QUESTIONES
1272 209 1315 238 IV.

1725 209 1778 237 890

151 270 224 297 l-Jlias
236 269 315 303 igneo
330 276 417 307 curru
427 270 556 307 devectus
570 278 652 307 supra
676 271 761 298 nubes
779 275 806 299 et
826 271 932 306 pluvias

987 271 1087 307 γνησία
1101 271 1147 298 τοῦ
1159 271 1237 305 ἁγίου
1250 269 1387 307 Διονυσίου
1395 269 1497 307 βίϐλος.
1510 269 1650 307 Διελῷοντο
1660 270 1688 297 δὲ
1698 271 1727 297 ὲν
1738 271 1777 306 τῷ

149 310 178 332 et
194 311 302 337 ventos,
313 310 342 332 et
355 305 485 339 quidquid
501 306 615 333 mortale
628 310 680 339 est,
694 305 877 334 audacissimo
893 307 934 334 ni-

149 347 182 367 su
192 341 347 375 consurgit.
361 351 370 366 ι
388 340 425 367 lta
440 341 484 367 ille
501 346 528 368 et
547 342 626 368 bene.

186 374 248 402 Jam
263 374 431 410 de’tcmpore
444 376 602 407 scriptionis
615 377 799 404 certissimum
815 384 848 403 ex
867 376 934 411 ipsis

149 411 278 446 operibus
288 415 479 446 argumentum
490 410 608 443 ducitur,
618 419 650 438 ea
662 412 762 445 scripta
775 419 836 439 esse
848 413 934 446 primo

150 445 258 481 sacculo,
272 445 333 472 cuni
358 446 465 472 illorum
484 451 579 473 auctor
601 446 700 473 nullius
721 445 865 481 scriptoris
889 451 935 473 aiit

150 480 264 508 alterius
289 481 402 508 illustris
416 481 467 507 viri
485 482 649 513 meminerit,
666 482 711 516 qui
729 489 781 508 non
798 481 935 516 apostolo-

149 522 209 542 rum
225 516 392 551 temporibus
407 517 523 548 vixerit;
538 517 646 550 etquod
661 521 741 550 caput
752 521 803 548 est,
815 524 844 544 se
857 516 932 543 Pauli

151 551 264 586 apostoli
281 551 441 583 discipulum
466 555 556 582 vocet,
580 556 661 584 atque
682 552 716 578 ad
734 551 837 585 Titum,
852 557 934 586 atque

150 585 370 620 adr’l‘imotlieum
404 586 528 620 aliosque
542 587 591 613 δινί
612 587 683 613 illius
700 586 808 613 scribit.

184 619 251 656 Cium
267 628 332 656 ergo
349 621 392 647 illa
404 619 504 655 scripta
519 622 570 648 sub
585 622 696 649 nomine
717 621 836 656 Dionysii
850 622 935 649 Areo-

149 655 245 696 pagitae
270 655 386 698 se‘iitper.
401 656 562 690 prodierint,
583 661 610 697 et
639 657 709 683 idem
733 655 879 698 Dionysius
898 657 933 697 ‘in

149 691 224 726 omni
242 691 403 718 eruditionis
415 699 516 725 genere
532 692 653 725 apprime
665 696 787 718 versatus
806 691 934 726 insignis-

149 732 203 757 que
219 725 244 751 in
266 727 358 760 paucis
376 726 552 760 philosophus
569 727 651 753 fuerit
677 726 771 761 (solos
786 725 866 753 enim
878 727 934 754 fere

148 761 278 796 eiusmodi
296 761 369 787 viros
385 761 546 796 admittebat
561 763 730 795 Areopagns,
746 766 775 788 ut
790 761 852 788 alibi
870 769 934 796 pro-

148 794 240 821 batum
264 796 328 829 est)
352 801 378 822 et
392 795 467 822 Pauli
485 797 595 830 insuper
608 794 724 830 apostoli
740 794 900 830 discipulus,
918 804 933 823 a

147 836 201 862 quo
217 835 242 856 et
260 830 386 858 virtutem
404 831 542 863 eximiam,
555 835 581 857 ct
594 830 726 858 altissima
740 833 878 866 mysteria,
890 837 933 858 ut—

148 871 211 901 pote
227 866 433 901 capacissimus,
452 867 594 893 addiscere
609 870 637 893 et
650 866 780 895 imbibere
792 867 910 901 potuerit
925 874 931 899 ;

148 900 211 932 quis
226 900 352 927 dubitare
376 901 470 936 possit,
488 903 553 935 quin
572 901 628 928 hinc
644 901 728 936 ipsius
744 909 808 929 vera
827 907 854 929 et
869 909 933 935 ger-

149 942 227 962 iuaua
244 936 343 969 scripta
359 935 432 961 sint?

185 978 194 993 ι
211 970 245 996 At
259 971 331 996 enim
349 971 434 1005 stylns
455 970 552 997 horum
572 970 713 1001 librorum,
737 971 824 1004 inquit
845 971 932 998 Abra-

148 1003 244 1032 ltamns
259 1003 399 1032 Scultctiis
411 1004 571 1038 Calvinista,
589 1013 640 1031 non
657 1010 697 1032 est
709 1003 824 1040 simplex
836 1011 864 1033 et
878 1007 931 1033 sin-

147 1046 237 1071 cerus,
253 1041 300 1066 sed
315 1045 428 1074 argutus
441 1041 533 1072 nimis,
556 1045 598 1067 est
613 1040 721 1067 inﬂatus
740 1045 768 1067 et
788 1040 931 1069 aﬁectatus

147 1079 174 1099 et
200 1082 294 1110 parum
319 1076 493 1108 apostolicus.
507 1084 516 1101 ι
534 1075 632 1101 Verum
650 1076 788 1109 improbus
814 1077 933 1110 scriptor

147 1109 270 1145 improbe
290 1109 406 1137 fallitur.
425 1110 491 1137 Nam
513 1117 593 1144 quem
610 1115 689 1144 negat
704 1118 764 1145 esse
782 1109 932 1145 simplicem

147 1151 179 1182 ac
201 1144 348 1182 sincerum,
372 1145 485 1182 meliora
510 1150 648 1182 seetanlcs
675 1144 757 1182 546
772 1144 848 1173 aiunt
872 1153 933 1173 esse

146 1179 377 1212 simplicissimum
393 1187 424 1206 ac
440 1180 656 1207 sincerissimum
668 1179 749 1211 ,m‘...’
759 1182 934 1214 simplicitate

147 1215 256 1252 quideiu
277 1216 413 1252 sermonis
438 1216 512 1242 lmmi
533 1215 681 1252 repentist
696 1216 742 1252 tali
771 1217 843 1243 enitn
862 1217 933 1252 stylo

147 1250 276 1285 utendum
299 1254 343 1276 est
367 1250 393 1276 in
413 1251 494 1277 rebus
517 1249 608 1283 parvis
621 1255 646 1277 et
663 1251 737 1276 humi
755 1249 910 1285 repentibus
925 1254 932 1282 )

147 1283 194 1310 sed
209 1284 392 1318 simplicitate,
406 1292 458 1319 qua
486 1292 530 1311 res
556 1285 661 1319 magnis
681 1290 708 1312 et
724 1283 850 1320 propriis,
866 1287 933 1313 sibi-

145 1325 198 1352 que
210 1320 421 1355 accommodatis
438 1321 539 1354 potius,
556 1327 637 1354 quam
655 1321 742 1354 longis
757 1322 932 1355 ambagibus,

145 1359 171 1380 et
192 1354 366 1381 translatitiis
382 1355 495 1381 VOClbuS
509 1356 690 1388 explicantur.
709 1357 805 1382 Divina
820 1354 891 1382 enim
905 1361 932 1383 et

145 1389 266 1418 cmlestia
283 1396 344 1416 cum
357 1390 426 1416 miro
438 1395 466 1416 et
480 1390 586 1417 eierato
602 1390 701 1417 utentis
713 1392 839 1417 acumine
852 1399 933 1424 pene-

146 1429 232 1451 traret
254 1425 295 1450 vir
321 1424 376 1455 ille,
391 1429 419 1451 et
442 1432 538 1451 sensus
551 1432 615 1452 suos
640 1425 667 1451 iu
692 1426 772 1452 rebus
793 1426 933 1453 altissimis

145 1464 291 1486 conaretur
302 1460 449 1493 explicare,
469 1468 520 1487 nec
532 1460 615 1486 verba
630 1461 761 1494 rcperirct
776 1461 863 1494 paria,
882 1468 932 1488 no-

146 1495 187 1520 vis
204 1495 310 1527 verbis;
326 1495 418 1522 Attice
433 1500 523 1522 tamen
536 1494 694 1527 cll'ormatis,
713 1495 739 1522 iit
758 1497 839 1522 rebus
854 1498 932 1523 novis

143 1535 172 1557 et
187 1536 357 1556 communem
377 1537 485 1564 captum
511 1531 765 1557 transcendentibus
790 1536 832 1558 est
857 1539 931 1558 usus.

146 1564 369 1603 §iiicet‘issiiiiuiti
387 1566 448 1591 item
464 1565 551 1596 aiunt,
568 1567 614 1592 Sed
631 1566 799 1597 sinceritate,
815 1574 875 1601 qua:
889 1575 932 1594 res

145 1605 183 1629 Ha
195 1604 304 1635 Ιῖυιιιιιιι·
319 1605 513 1633 ιεριιιέδειιιειτθ
525 1607 553 1626 ιιι
565 1607 640 1632 511111,
656 1608 708 1628 Ιιοιι
722 1607 811 1627 autetn
827 1610 858 1627 είι
872 1609 931 1635 qua:

146 1634 237 1672 l‘ncum
251 1634 380 1672 admittit,
393 1640 420 1660 et
431 1642 484 1668 quo
500 1643 543 1662 res
558 1643 649 1669 parva:
663 1640 817 1672 actnrpes,
827 1634 931 1672 magna:

145 1673 174 1696 et
191 1670 311 1703 pulchra:
328 1670 479 1701 videantur,
494 1677 542 1696 aut
557 1679 571 1697 e
586 1671 734 1697 contrario.

184 1707 260 1740 Quod
286 1712 365 1739 porro
388 1711 513 1739 argutum
531 1706 611 1732 nitnis
633 1706 741 1737 asserit,
754 1710 781 1732 et
796 1705 929 1740 inﬂatum,

145 1745 172 1770 et
192 1739 356 1772 aliectainm,
373 1745 400 1766 et
425 1747 521 1774 parum
544 1741 742 1774 apustolicum;
771 1742 823 1768 hoc
844 1739 930 1769 totum

147 1782 226 1808 nego,
255 1779 282 1800 et
296 1774 351 1807 aio,
366 1775 518 1802 Scultetum
534 1776 560 1802 in
576 1776 713 1809 prioribus
727 1776 839 1810 quidem
853 1777 930 1804 valtle

147 1810 325 1846 lialluciuari;
352 1811 378 1836 in
401 1817 540 1844 postremo
560 1815 662 1842 autem,
680 1811 723 1837 ubi
742 1817 819 1838 vocat
834 1819 929 1846 parum

146 1845 335 1905 aposltol'icuni,
361 1846 507 1879 ipsuininet
531 1853 585 1872 non
610 1853 718 1880 parum,
745 1848 792 1873 sed
816 1845 930 1874 multum

146 1887 202 1905 ὶᾹΙίυ
215 1888 265 1905 ιιιῚ.

145 1887 265 1907 ιιιίιυιιιιῚ.

182 1915 247 1942 Nam
264 1916 343 1952 sires
358 1922 456 1951 parvas
467 1921 515 1943 aut
527 1915 679 1943 mediocres
693 1922 725 1952 eo
738 1916 820 1952 stylo,
835 1921 861 1944 et
873 1917 931 1945 istis

147 1951 237 1977 verbis
252 1951 351 1984 Quibus
367 1952 411 1977 hic
428 1951 524 1984 utittir,
537 1956 686 1986 exponeret
701 1951 859 1986 Dionysius,
874 1958 930 1979 tum

144 1993 211 2012 sane
227 1987 334 2013 iutlatus
352 1991 380 2013 et
393 1985 537 2013 atl‘ectatus
559 1985 623 2020 quin
645 1985 792 2018 diceretur,
806 1988 872 2014 nihil
887 1995 932 2014 re-

145 2028 295 2056 pugnarem
310 2029 316 2046 :
331 2028 423 2048 verum
436 2022 458 2048 si
477 2023 558 2048 verba
572 2023 617 2048 hic
630 2026 695 2049 sunt
707 2023 832 2055 grandia,
848 2028 876 2050 et
888 2030 932 2050 res

145 2063 252 2093 quoque
267 2057 333 2093 ipsa
350 2057 434 2083 multo
451 2058 591 2093 grandior,
607 2058 672 2092 quid
686 2061 740 2093 est
759 2059 830 2090 quod
854 2059 930 2093 argui

146 2092 249 2126 possit?
265 2091 319 2118 Nec
335 2099 397 2118 vero
412 2092 482 2118 alius
505 2092 533 2118 iit
552 2093 670 2127 Dionysii
684 2091 763 2119 libris
778 2091 932 2127 spit'itusiet

145 2127 301 2161 eloquentia
319 2132 443 2161 apparet,
459 2135 538 2160 quam
557 2130 582 2154 in
604 2126 679 2154 Pauli
701 2126 876 2162 prteceptoris
888 2129 931 2156 sui

146 2162 282 2188 nonnullis
298 2162 434 2196 Epistolis,
452 2164 496 2188 ubi
512 2162 572 2189 talis
588 2170 782 2196 nonnunquam
805 2168 846 2190 est
865 2172 930 2190 ora-

146 2198 193 2229 tio,
206 2203 234 2224 et
253 2202 307 2223 tam
323 2199 392 2223 elata
416 2198 518 2229 verbis,
544 2204 571 2224 et
596 2203 650 2225 tam
669 2198 762 2232 ligatis
777 2205 885 2229 ornata.
903 2203 932 2226 ut

145 2241 167 2260 si
180 2234 262 2268 verba
277 2234 390 2259 Scultett
406 2233 432 2259 iii
447 2232 574 2268 Dionysio
590 2234 724 2260 haberent
737 2233 835 2265 locum,
849 2242 930 2261 etiam

144 2273 172 2294 et
187 2267 213 2294 in
228 2267 340 2294 Paulum
354 2275 439 2301 lpSlllll
452 2267 609 2295 viderentur
623 2275 705 2303 posse
718 2276 852 2301 grassari.
862 2269 928 2296 Nam

988 305 1058 342 λόγῳ
1074 307 1214 337 ἐνστάσεις
1228 306 1366 342 τέσσαρες.
1390 305 1482 332 Lectus
1501 311 1538 332 est
1563 305 1692 342 Theodori
1717 313 1777 339 pre-

987 340 1086 376 sbyteri
1102 341 1179 373 liber,
1198 350 1250 374 quo
1268 340 1341 367 dare!
1367 349 1519 376 germanum
1531 348 1587 367 esse
1608 341 1638 368 S.
1656 340 1777 375 Dionysii

987 385 1062 410 opus.
1078 377 1216 403 Dissoluta
1239 381 1300 403 sunt
1324 381 1412 402 autem
1437 384 1466 403 eo
1490 383 1518 402 ιη
1541 376 1608 402 libro
1620 380 1778 409 argumenta

1004 417 1111 438 uatuor.

1041 420 1049 437 ι
1060 420 1111 438 ιον.

986 420 1166 481 qugdhjnngit
1178 445 1276 472 deinde
1289 445 1403 472 Pltotins
1419 452 1450 472 ea
1463 449 1635 481 argumenta,
1653 445 1701 472 sed
1714 445 1778 472 abs-

985 488 1039 515 que
1066 481 1258 512 solutionibus,
1285 485 1428 515 propterca
1453 481 1524 514 quod
1548 480 1616 507 liber
1639 481 1775 507 Theodori

986 516 1139 552 presbyteri
1156 517 1183 552 in
1202 523 1255 550 quo
1270 524 1309 552 ea
1325 515 1475 552 solutiones
1495 515 1708 552 continebantur
1732 523 1777 542 sa-

987 552 1021 578 tis
1033 550 1106 578 esset
1119 551 1254 586 vulgatus.
1269 551 1324 584 Ego
1337 550 1452 577 inferius
1467 556 1520 586 tam
1538 551 1596 584 ipsa
1613 556 1776 584 argumenta

984 593 1066 620 quam
1082 585 1233 613 soltttibnes
1249 588 1320 620 (qum
1336 586 1445 619 quidem
1461 585 1552 612 alfcrri
1571 590 1716 620 potuerunt
1729 590 1777 611 aut

985 622 1149 654 debuerunt,
1165 621 1273 655 quando
1289 621 1398 655 quidem
1425 621 1476 648 illa:
1500 620 1635 647 Theodori
1653 628 1705 646 non
1728 627 1776 647 ex—

985 657 1069 690 atant)
1085 657 1111 683 in
1127 656 1270 683 contraria:
1288 656 1430 682 scutentim
1447 655 1611 682 refutatione
1625 655 1775 688 proferam.

1020 690 1163 718 Postremo
1175 691 1250 717 addit
1263 691 1333 717 itlciu
1348 690 1459 717 Planius
1478 691 1535 718 lucc
1549 691 1630 718 verba
1646 699 1653 717 :
1668 689 1776 721 Ταύτας

984 725 1030 753 οὖν
1046 726 1095 758 τὰς
1109 726 1243 761 τέσσαρας
1256 725 1371 761 ἀπορίας
1388 725 1775 761 διαλῦσαιᾷὲπαγωνισάμενος.

986 762 1099 797 βεσαιοϊ,
1121 762 1150 788 τό
1162 759 1354 797 γε’ὲπίαὺὲῷ,
1370 762 1484 795 γνησίαν
1503 759 1571 787 εἶναι
1593 761 1640 787 τοῦ
1658 759 1775 797 μέγάλου

984 795 1122 824 Διονυσίου
1146 797 1195 832 τὴν
1221 795 1402 831 ﬂiam/{Illuc
1416 797 1498 831 igitur
1522 802 1636 828 quatuor
1659 795 1775 830 difﬁcilia

984 837 1143 866 argumenta
1155 832 1297 858 dissolvere
1313 832 1448 865 conuiuas,
1470 832 1621 865 confirmat,
1647 836 1775 863 quantum

984 865 1089 900 quidem
1103 868 1131 894 in
1145 875 1172 893 se
1187 871 1235 899 est,
1259 867 1403 901 legitimum
1427 875 1483 894 esse
1497 866 1586 901 magni
1609 866 1729 900 Dionysii
1742 865 1775 892 li-

986 903 1073 930 brum.

948 944 969 971 ις
1019 939 1058 964 Ac
1074 943 1107 963 ne
1121 935 1182 970 quis
1197 936 1354 967 arbitretur,
1369 944 1400 963 ea
1418 935 1500 963 verba
1522 935 1668 963 contrariae
1683 935 1775 962 favere

983 971 1136 1003 sententiae,
1153 972 1222 998 sciat
1239 972 1363 998 eumdem
1386 972 1474 1005 ipsum
1490 971 1615 998 I’liotium
1633 971 1684 1004 (de
1698 971 1776 1005 cujus

985 1007 1085 1039 insigni
1101 1006 1256 1033 eruditione
1272 1011 1353 1040 atque
1377 1012 1474 1033 exacto
1490 1007 1516 1032 in
1533 1006 1682 1033 censendis
1699 1006 1775 1032 libris

981 1042 1084 1076 judicio
1103 1041 1230 1068 catholici
1248 1049 1324 1075 teque
1337 1046 1363 1068 et
1378 1042 1497 1068 haeretici
1513 1041 1709 1074 consentiunt)
1725 1049 1775 1068 ex-

985 1077 1076 1111 pensis
1093 1077 1236 1110 utrinsqne
1250 1076 1386 1110 opinionis
1407 1077 1558 1103 rationibus
1577 1083 1609 1103 ac
1628 1077 1774 1102 momentis

985 1112 1093 1138 tandem
1117 1112 1185 1138 istos
1203 1111 1300 1142 libros,
1316 1112 1349 1138 de
1364 1111 1464 1145 quibus
1489 1111 1534 1138 hic
1560 1111 1660 1142 agitur.
1676 1118 1774 1137 sancto

984 1147 1113 1180 Dionysio
1130 1147 1311 1180 Areopagitas,
1329 1151 1358 1172 ιιι
1374 1147 1499 1180 proprios
1513 1146 1773 1180 adjudic:isse.Qtiod

983 1181 1067 1215 liquet
1080 1189 1111 1208 ex
1125 1183 1218 1207 eadem
1236 1182 1321 1215 ipsius
1335 1181 1515 1213 Bibliotheca,
1527 1182 1587 1208 cod.
1602 1181 1666 1210 251,
1683 1182 1727 1207 tibi
1746 1181 1772 1208 itt

985 1217 1120 1243 variorum
1138 1217 1296 1243 recensione
1320 1221 1476 1248 auctorum,
1492 1223 1561 1250 quos
1575 1216 1708 1242 citaverat
1724 1215 1775 1243 So-

983 1252 1116 1285 phronius
1128 1252 1283 1285 patriarcha
1298 1251 1571 1285 llierosoiymilanus,
1584 1251 1621 1276 ita
1635 1251 1667 1277 de
1681 1255 1774 1278 nostro

982 1287 1146 1320 Arcopagita
1161 1298 1166 1313 ;
1180 1286 1236 1315 Καὶ
1246 1286 1383 1317 Διονύσιος
1394 1287 1408 1311 ὁ
1420 1285 1502 1317 πολὺς
1516 1286 1565 1321 μὲν
1578 1286 1627 1320 τὴν
1637 1285 1773 1319 γλῶσσαν,

983 1321 1082 1347 πλείων
1103 1321 1132 1347 δὲ
1148 1321 1197 1356 τὴν
1212 1320 1337 1356 Θεωρίαν,
1357 1321 1370 1346 ὀ
1388 1321 1511 1356 μαθητὴς
1530 1320 1647 1352 Παύλου,
1663 1321 1710 1347 καὶ
1727 1321 1774 1348 τοῦ

983 1356 1100 1391 Χριστοῦ
1123 1357 1240 1391 μάρτυρ,
1254 1357 1300 1383 καὶ
1322 1356 1374 1382 τῶν
1399 1356 1546 1390 Ἀθηναίων
1566 1356 1724 1388 ἐπίσκοπος.
1740 1356 1774 1383 Εἰ

984 1391 1128 1426 Dionysius
1156 1392 1200 1417 ille
1224 1399 1343 1426 sermone
1356 1392 1460 1425 quidem
1475 1399 1597 1424 magnus,
1622 1393 1668 1418 sed
1687 1392 1774 1426 major

983 1425 1215 1460 conteinplatione,
1234 1425 1314 1453 Pauli
1336 1426 1480 1459 discipulus
1501 1431 1524 1452 et
1545 1426 1644 1453 Christi
1660 1425 1772 1461 martyr,

983 1467 1007 1487 et
1023 1462 1220 1488 Atheniensium
1239 1462 1386 1495 episcopus.
1407 1462 1442 1487 Ita
1467 1461 1522 1487 ille.
1538 1461 1604 1494 Qua:
1618 1466 1693 1487 certe
1718 1469 1772 1488 non

983 1496 1098 1528 diceret,
1126 1496 1179 1523 nisi
1211 1496 1298 1530 Opera
1325 1504 1385 1530 qua:
1401 1497 1572 1530 Areopagitae
1600 1496 1710 1522 nomine
1730 1496 1774 1522 iu-

983 1531 1084 1565 scripta
1111 1536 1186 1564 sunt,
1209 1532 1381 1565 Areopagum
1407 1532 1588 1564 adiudicaret.
1608 1530 1675 1557 Nam
1703 1531 1774 1558 unde

983 1566 1068 1593 sciret
1092 1566 1166 1593 illum
1193 1573 1319 1593 sermone
1346 1574 1484 1600 magnum,
1501 1566 1523 1592 si
1541 1566 1607 1592 nihil
1628 1565 1687 1599 ejus
1701 1566 1774 1600 Ope—

984 1608 1045 1627 ruin
1071 1602 1201 1628 vidisset?
1230 1601 1304 1628 Unde
1331 1607 1358 1628 et
1385 1602 1514 1635 majorem
1544 1601 1775 1634 contemplatione

984 1644 1064 1670 quam
1091 1643 1219 1663 sermone
1244 1641 1347 1666 nosset,
1377 1637 1398 1663 si
1429 1636 1686 1670 contemplationem
1715 1636 1775 1670 ejus

984 1671 1084 1697 nnlla‘m
1110 1671 1237 1705 legisset?
1265 1671 1322 1697 Sub
1346 1671 1425 1706 hujus
1440 1672 1512 1696 enim
1528 1671 1645 1706 Dionysii
1663 1679 1775 1698 nomine

983 1706 1056 1733 aliud
1074 1706 1140 1732 niliil
1155 1712 1244 1733 exstat
1259 1711 1357 1737 praeter
1381 1706 1424 1732 illa
1439 1713 1521 1739 opera
1540 1707 1573 1732 tle
1588 1706 1688 1739 quibus
1703 1713 1774 1732 nunc

983 1742 1129 1775 agitamus.
1144 1742 1199 1767 Ant
1218 1749 1283 1775 ergo
1309 1741 1354 1767 illa
1371 1742 1438 1767 vidit
1452 1745 1481 1767 et
1502 1741 1567 1775 legit
1586 1746 1613 1767 ct.
1633 1740 1773 1774 expendit,

983 1781 1029 1802 aut
1053 1781 1128 1803 certe
1149 1777 1194 1807 iis,
1207 1778 1253 1810 qui
1270 1776 1396 1803 viderunt
1413 1781 1440 1803 ct
1456 1775 1579 1811 legerunt
1593 1781 1620 1802 et
1636 1776 1774 1810 expende-

984 1816 1058 1842 rttttt,
1073 1812 1201 1838 asscnsit.
1216 1813 1305 1845 Atque
1320 1813 1403 1838 etiam
1417 1813 1530 1838 observa
1556 1814 1706 1838 secundum
1730 1818 1775 1836 ar-

983 1853 1141 1880 gumentum
1160 1854 1242 1880 supra
1268 1847 1397 1880 positum,
1420 1847 1463 1873 ubi
1487 1846 1519 1872 dc
1542 1845 1661 1880 Dionysii
1679 1846 1772 1872 elocu-

985 1887 1058 1908 tione
1080 1886 1108 1907 ct
1129 1882 1358 1916 contemplatione
1370 1881 1510 1915 agebatur,
1527 1881 1696 1913 conlirtnari,
1710 1888 1773 1909 cum

984 1916 1027 1942 illa
1055 1917 1182 1943 nimirqu
1205 1917 1295 1943 Photii
1320 1917 1401 1943 verba
1427 1917 1532 1943 directe
1553 1917 1579 1942 in
1602 1916 1774 1942 adversarios

985 1951 1108 1983 tcttdant,
1125 1957 1152 1978 et
1168 1957 1221 1978 tam
1236 1959 1392 1978 sermonem
1410 1958 1500 1986 quam,
1516 1951 1774 1985 contemplationem

984 1987 1186 2013 commendent.

1019 2021 1150 2055 Quartum
1165 2027 1354 2056 argumentum
1371 2028 1404 2047 ex
1418 2028 1577 2055 magnorum
1601 2020 1679 2056 547
1702 2021 1774 2046 viro-.

984 2064 1044 2083 rum
1058 2058 1222 2084 auctoritate
1236 2058 1355 2088 ducitur,
1370 2062 1397 2083 et
1412 2064 1507 2082 eorum
1523 2057 1630 2090 quidem
1648 2063 1701 2082 non
1720 2056 1774 2082 iiii-

984 2100 1035 2119 nos
1050 2092 1175 2119 doctrina
1190 2100 1272 2126 quam
1294 2094 1396 2126 pietate
1420 2092 1577 2123 illustrium,
1593 2098 1708 2126 qnoruut
1733 2091 1774 2117 iii-

985 2132 1075 2162 tegras
1097 2132 1202 2154 turmas
1228 2128 1255 2154 in
1282 2126 1391 2153 Martini
1413 2126 1495 2152 Dclrii
1513 2126 1639 2154 Vindictis
1650 2131 1774 2162 spectare

984 2161 1048 2189 licet
1065 2172 1070 2189 :
1086 2169 1141 2196 prie
1153 2170 1268 2197 quorum
1282 2163 1464 2193 multitudine,
1481 2162 1528 2195 qui
1543 2166 1618 2187 stant
1629 2168 1661 2187 cx
1677 2161 1775 2187 adver-

983 2205 1026 2229 soI
1039 2205 1169 2231 pet-pauet
1182 2204 1249 2224 sane
1264 2202 1455 2223 numerantur.

1020 2230 1088 2259 Nam
1104 2241 1119 2259 e
1134 2233 1269 2266 theologis
1283 2232 1468 2262 scholasticis,
1486 2231 1509 2257 si
1531 2230 1677 2257 haereticos
1691 2230 1775 2257 omit-

986 2273 1087 2301 tamus,
1105 2269 1215 2295 unicutn
1239 2267 1297 2294 iere
1315 2272 1362 2293 aut
1382 2271 1457 2292 certe
1484 2267 1652 2300 pracipuum
1673 2267 1774 2297 habent

145 2308 219 2330 certe
236 2302 311 2328 Pauli
328 2307 415 2339 stytus
429 2310 462 2329 ex
475 2312 596 2330 ominum
608 2301 780 2331 cbnfcsstone
797 2305 877 2338 longe
888 2310 930 2332 εει
947 2302 969 2329 D
984 2303 1156 2339 Cajetanum.
1172 2302 1228 2330 Nos
1251 2309 1316 2339 vero
1331 2302 1515 2328 Alexandrum
1530 2302 1565 2327 de
1580 2301 1656 2339 Ales,
1677 2301 1775 2339 {illior-

145 2343 172 2364 ει
183 2338 220 2375 ab
236 2339 383 2372 Evangetto
396 2343 424 2364 et
439 2340 473 2375 ab
488 2341 605 2365 aliorum
621 2340 806 2373 apostolorum
824 2341 932 2375 scriptis

145 2374 283 2400 diﬂerens.
296 2375 386 2406 Quare
399 2381 420 2399 si
439 2373 515 2400 l‘auti
537 2377 624 2409 stylns
647 2382 708 2401 cum
731 2375 807 2406 alibi,
827 2373 889 2401 cuni
905 2377 932 2402 in

145 2410 265 2435 secunda
289 2412 321 2435 ad
344 2409 502 2436 Corinthios
525 2410 646 2444 Epistula
675 2413 718 2436 est
741 2410 908 2443 apostolicus
923 2430 931 2443 ,

144 2445 225 2471 etiam
244 2444 376 2478 Dionysii,
394 2451 455 2470 cum
475 2446 501 2471 in
517 2450 598 2471 rebus
612 2444 773 2471 sublimibus
791 2450 834 2472 est
847 2446 934 2472 subli—

145 2487 207 2512 mis,
224 2483 251 2505 et
266 2487 292 2506 tn
308 2480 466 2506 ctelestibus
490 2481 619 2511 ctnleslis,
637 2485 727 2514 potest
742 2485 768 2506 et
784 2481 864 2507 debet
878 2482 931 2507 dici

144 2515 329 2549 apostolicus;
345 2521 495 2548 prmserttm
511 2517 554 2541 ubi
572 2522 622 2542 suo
640 2516 705 2546 nhs,
720 2516 818 2548 quibus
835 2521 931 2548 utitur,

145 2550 236 2576 verbis
251 2555 324 2576 tanta
346 2557 436 2576 rerum
453 2551 606 2576 divinarum
622 2556 769 2577 aestimatio
795 2557 821 2577 ct
846 2558 933 2585 pietas

144 2586 224 2611 etiam
241 2585 396 2611 interlucet.

181 2620 303 2647 Tertium
331 2625 519 2655 argumentum
545 2625 596 2653 est,
614 2620 686 2654 quod
709 2627 770 2647 cum
788 2620 864 2654 olim,
882 2621 934 2649 hoc

143 2660 197 2688 cst,
220 2657 269 2682 sub
284 2664 385 2682 annum
401 2656 503 2682 Christi
519 2663 773 2691 quauragcsimuio,
787 2661 847 2683 orta
861 2663 933 2684 esset

144 2699 178 2718 ue
201 2691 335 2725 Operibus
355 2692 443 2718 sancti
467 2692 589 2726 Dioitysii
613 2697 784 2726 Ai'copagtt-e
806 2693 932 2725 quiestio,

145 2727 323 2761 nonttutlique
339 2727 423 2754 certis
439 2727 471 2753 de
482 2735 625 2758 causis,an
636 2729 695 2760 ejus
709 2733 802 2754 essent
817 2728 932 2762 legitimi

145 2767 237 2793 uetus,
259 2762 426 2792 dubitarent,
444 2764 586 2796 scripserat
602 2762 764 2789 Theodorus
790 2765 933 2797 presbyter

144 2800 242 2824 horum
263 2805 355 2829 unum,
385 2806 439 2831 qtto
458 2798 550 2824 docuit
576 2798 620 2824 illa
644 2798 732 2831 Opera
758 2805 820 2825 esse
846 2799 933 2824 sancti

147 2833 265 2868 Dionysii
281 2834 449 2868 Arcopagtuu
465 2840 592 2866 germana
610 2838 691 2867 atque
706 2834 836 2867 legitima,
848 2839 875 2860 et
888 2842 932 2859 ra-

145 2873 232 2894 tiones
243 2873 371 2901 quatuor,
382 2877 441 2902 ιμιιιι
453 2873 547 2895 contra
565 2870 706 2902 poliat-utne
718 2871 931 2902 objiclcbantnr,

146 2904 278 2930 dissolvit.
289 2902 345 2930 Hoc
356 2908 472 2930 testatur
487 2902 600 2930 Photius
610 2906 636 2930 iii
646 2903 825 2934 Bibliotheca,
834 2910 894 2931 cod.
907 2904 933 2934 1,

146 2941 220 2969 lusce
235 2941 341 2969 verbis:
358 2938 526 2978 ἒᾼνεγνώσθη
534 2938 671 2974 Θεοδώρου
686 2939 882 2979 πρεσϐυτέρου,
893 2939 933 2971 ὂῖι

986 2343 1042 2364 ιιιιιι
1063 2337 1202 2373 Magnum,
1223 2339 1253 2365 ὃ.
1277 2337 1412 2364 ’l‘bomant
1436 2338 1613 2373 Aquinatem,
1631 2336 1660 2362 ὃ.
1681 2336 1772 2373 Bona-

984 2370 1140 2406 venturatit,
1167 2373 1337 2404 Duranduni,
1365 2373 1488 2403 Scotum,
1514 2371 1695 2403 Hicltarduin,
1719 2370 1774 2401 Ga-

984 2409 1111 2442 brielcm,
1124 2413 1151 2435 et
1168 2409 1298 2442 reliquos.
1315 2408 1354 2435 Ex
1370 2408 1432 2433 aliis
1445 2408 1520 2442 varia
1536 2407 1691 2442 eruditione
1705 2414 1774 2440 pra:-

985 2445 1161 2470 ditisltabent
1171 2441 1462 2472 'l‘lteodorumGasaiu,
1471 2441 1647 2468 Laurentium
1657 2441 1773 2475 Vallum,

988 2479 1156 2505 Desideriutn
1177 2479 1338 2509 Erasinuin,
1355 2477 1501 2511 Joscplmm
1525 2477 1706 2511 Scaligerum,
1723 2477 1774 2503 De—

985 2515 1117 2540 siderium
1134 2513 1291 2544 lleraldum,
1307 2521 1408 2547 paucos
1425 2513 1540 2546 alicujus
1556 2519 1627 2538 nota:
1641 2513 1717 2539 alios.

1022 2551 1076 2576 Sed
1090 2549 1132 2576 liis
1144 2555 1318 2584 opponuntur
1328 2547 1446 2575 Joannes
1461 2548 1542 2574 l’icus
1557 2548 1772 2579 Mirandulanus,

985 2584 1027 2611 vir
1042 2585 1077 2611 ab
1095 2586 1202 2619 ingenio
1217 2590 1244 2611 et
1269 2585 1399 2610 memoria
1426 2589 1530 2619 uoturw
1552 2584 1710 2619 miraculum
1725 2591 1774 2616 ap-

985 2620 1113 2654 pellatus,
1127 2618 1266 2646 Marsilius
1284 2619 1396 2647 Ficinus
1409 2623 1437 2645 et
1451 2618 1537 2645 Lilius
1553 2618 1703 2653 Gyraldus,
1719 2620 1771 2644 viri

987 2661 1041 2681 tant
1064 2663 1152 2690 magni
1171 2655 1292 2690 ingenio,
1309 2662 1391 2688 quam
1414 2654 1484 2680 varii
1509 2654 1636 2684 scientia,
1654 2660 1771 2685 quorum

986 2692 1031 2718 ille
1047 2689 1158 2725 quidem
1176 2689 1262 2724 ipsius
1281 2690 1403 2724 Dionysii
1421 2690 1554 2725 libroruin
1572 2689 1708 2725 interpies
1721 2689 1773 2725 luit

985 2732 1012 2752 et
1024 2723 1193 2757 admirator;
1209 2726 1252 2752 hic
1267 2723 1358 2751 autem
1372 2724 1498 2751 eumdem
1516 2724 1671 2758 Dionysium
1685 2723 1711 2749 in
1729 2723 1771 2748 di-

986 2762 1110 2788 vinorum
1129 2762 1311 2795 explicatione
1330 2767 1469 2786 hominum
1483 2764 1589 2795 cunctis
1604 2759 1771 2795 anteposuit.

986 2798 1100 2824 nudatus
1118 2804 1146 2823 et
1164 2793 1273 2827 Dillius,
1304 2799 1357 2822 duo
1382 2796 1537 2821 litterarum
1562 2793 1718 2819 Graecarum
1745 2793 1772 2818 in

985 2832 1081 2858 Galliis
1107 2832 1258 2866 praelustria
1277 2833 1390 2861 lumina,
1411 2830 1550 2866 Gilbertus
1565 2827 1770 2866 Genebrardtis,

986 2873 1014 2893 et
1028 2863 1166 2894 Arnaidus
1179 2867 1317 2893 Pontacus
1331 2867 1389 2899 pari
1404 2863 1495 2891 studio
1510 2864 1703 2899 litterarnmct
1714 2863 1773 2889 sin-

986 2911 1055 2930 cera:
1081 2903 1208 2929 amicitia:
1225 2903 1297 2928 coltti
1325 2897 1438 2927 nobiles.
1460 2899 1524 2925 item
1544 2897 1645 2925 Gzelius
1669 2897 1771 2926 “nodi-

986 2939 1075 2972 ginus,
1090 2939 1212 2977 plurimas
1236 2937 1360 2965 lectionis
1374 2936 1506 2962 varietate
1522 2941 1565 2965 vu
1576 2935 1664 2961 sciens
1676 2941 1771 2969 parem
