  <div class='ocr_page' id='page_1' title='image "/cluster/home/n/w/nwhite01/storage/ocr_20150623/4/njp.32101010944526/463.png"; bbox 0 0 1929 3092; ppageno 0'>
   <div class='ocr_carea' id='block_1_1' title="bbox 205 180 256 208">
    <p class='ocr_par' dir='ltr' id='par_1_1' title="bbox 205 180 256 208">
     <span class='ocr_line' id='line_1_1' title="bbox 205 180 256 208; baseline 0 -1"><span class='ocrx_word' id='word_1_1' title='bbox 205 180 256 208; x_wconf 77' lang='grc'><strong>891</strong></span> 
     </span>
    </p>
   </div>
   <div class='ocr_carea' id='block_1_2' title="bbox 607 179 1440 209">
    <p class='ocr_par' dir='ltr' id='par_1_2' title="bbox 607 179 1440 209">
     <span class='ocr_line' id='line_1_2' title="bbox 607 179 1440 209; baseline 0.001 -3"><span class='ocrx_word' id='word_1_2' title='bbox 607 179 651 207; x_wconf 86' lang='lat' dir='ltr'><strong>DE</strong></span> <span class='ocrx_word' id='word_1_3' title='bbox 668 181 696 208; x_wconf 89' lang='lat' dir='ltr'><strong>S.</strong></span> <span class='ocrx_word' id='word_1_4' title='bbox 712 179 861 207; x_wconf 80' lang='lat' dir='ltr'><strong>DlONYSll</strong></span> <span class='ocrx_word' id='word_1_5' title='bbox 876 179 1109 209; x_wconf 63' lang='lat' dir='ltr'><strong>AREOPAGszE</strong></span> <span class='ocrx_word' id='word_1_6' title='bbox 1128 181 1208 209; x_wconf 77' lang='lat' dir='ltr'><strong>V&#39;lTA</strong></span> <span class='ocrx_word' id='word_1_7' title='bbox 1224 180 1267 208; x_wconf 84' lang='lat' dir='ltr'><strong>ET</strong></span> <span class='ocrx_word' id='word_1_8' title='bbox 1285 179 1440 209; x_wconf 80' lang='lat' dir='ltr'><strong>SCRIPTIS</strong></span> 
     </span>
    </p>
   </div>
   <div class='ocr_carea' id='block_1_3' title="bbox 1787 179 1840 207">
    <p class='ocr_par' dir='ltr' id='par_1_3' title="bbox 1787 179 1840 207">
     <span class='ocr_line' id='line_1_3' title="bbox 1787 179 1840 207; baseline 0 0"><span class='ocrx_word' id='word_1_9' title='bbox 1787 179 1840 207; x_wconf 73' lang='lat'><strong>892</strong></span> 
     </span>
    </p>
   </div>
   <div class='ocr_carea' id='block_1_4' title="bbox 207 235 1836 272">
    <p class='ocr_par' dir='ltr' id='par_1_4' title="bbox 207 235 1836 272">
     <span class='ocr_line' id='line_1_4' title="bbox 207 235 1836 272; baseline -0.001 -8"><span class='ocrx_word' id='word_1_10' title='bbox 207 236 295 270; x_wconf 85' lang='lat' dir='ltr'><strong>(cujus</strong></span> <span class='ocrx_word' id='word_1_11' title='bbox 308 237 405 269; x_wconf 84' lang='lat' dir='ltr'><strong>verba,</strong></span> <span class='ocrx_word' id='word_1_12' title='bbox 423 240 453 263; x_wconf 86' lang='grc' dir='ltr'><strong>ιιι</strong></span> <span class='ocrx_word' id='word_1_13' title='bbox 469 236 579 271; x_wconf 84' lang='lat' dir='ltr'><strong>pietatis</strong></span> <span class='ocrx_word' id='word_1_14' title='bbox 595 235 766 270; x_wconf 87' lang='lat' dir='ltr'><strong>plenissima,</strong></span> <span class='ocrx_word' id='word_1_15' title='bbox 792 236 862 263; x_wconf 88' lang='lat' dir='ltr'><strong>infra</strong></span> <span class='ocrx_word' id='word_1_16' title='bbox 882 237 994 272; x_wconf 87' lang='lat' dir='ltr'><strong>ponam)</strong></span> <span class='ocrx_word' id='word_1_17' title='bbox 1008 238 1033 268; x_wconf 79' lang='grc' dir='ltr'><strong>Α</strong></span> <span class='ocrx_word' id='word_1_18' title='bbox 1048 238 1170 265; x_wconf 78' lang='lat' dir='ltr'><strong>ordinem</strong></span> <span class='ocrx_word' id='word_1_19' title='bbox 1184 245 1284 271; x_wconf 87' lang='lat' dir='ltr'><strong>sequar</strong></span> <span class='ocrx_word' id='word_1_20' title='bbox 1299 243 1461 271; x_wconf 81' lang='lat' dir='ltr'><strong>temporum.</strong></span> <span class='ocrx_word' id='word_1_21' title='bbox 1475 241 1503 264; x_wconf 91' lang='lat' dir='ltr'><strong>et</strong></span> <span class='ocrx_word' id='word_1_22' title='bbox 1517 235 1709 272; x_wconf 80' lang='lat' dir='ltr'><strong>antiquissima</strong></span> <span class='ocrx_word' id='word_1_23' title='bbox 1724 237 1797 271; x_wconf 76' lang='lat' dir='ltr'><strong>(qua:</strong></span> <span class='ocrx_word' id='word_1_24' title='bbox 1807 244 1836 265; x_wconf 73' lang='lat' dir='ltr'><strong>et</strong></span> 
     </span>
    </p>
   </div>
   <div class='ocr_carea' id='block_1_5' title="bbox 207 271 993 306">
    <p class='ocr_par' dir='ltr' id='par_1_5' title="bbox 207 271 993 306">
     <span class='ocr_line' id='line_1_5' title="bbox 207 271 993 306; baseline -0.003 -6"><span class='ocrx_word' id='word_1_25' title='bbox 207 277 234 300; x_wconf 88' lang='lat' dir='ltr'><strong>et</strong></span> <span class='ocrx_word' id='word_1_26' title='bbox 247 273 382 300; x_wconf 86' lang='lat' dir='ltr'><strong>innumeri</strong></span> <span class='ocrx_word' id='word_1_27' title='bbox 397 272 455 303; x_wconf 80' lang='lat' dir='ltr'><strong>alii,</strong></span> <span class='ocrx_word' id='word_1_28' title='bbox 472 279 540 306; x_wconf 88' lang='lat' dir='ltr'><strong>quos</strong></span> <span class='ocrx_word' id='word_1_29' title='bbox 553 272 651 304; x_wconf 85' lang='lat' dir='ltr'><strong>partim</strong></span> <span class='ocrx_word' id='word_1_30' title='bbox 666 279 697 298; x_wconf 72' lang='lat' dir='ltr'><strong>ex</strong></span> <span class='ocrx_word' id='word_1_31' title='bbox 715 271 838 305; x_wconf 87' lang='lat' dir='ltr'><strong>ipsorum</strong></span> <span class='ocrx_word' id='word_1_32' title='bbox 853 272 993 306; x_wconf 84' lang='lat' dir='ltr'><strong>operibus,</strong></span> 
     </span>
    </p>
   </div>
   <div class='ocr_carea' id='block_1_6' title="bbox 207 305 995 342">
    <p class='ocr_par' dir='ltr' id='par_1_6' title="bbox 207 305 995 342">
     <span class='ocr_line' id='line_1_6' title="bbox 207 305 995 342; baseline 0.003 -10"><span class='ocrx_word' id='word_1_33' title='bbox 207 307 306 342; x_wconf 86' lang='lat' dir='ltr'><strong>partim</strong></span> <span class='ocrx_word' id='word_1_34' title='bbox 322 315 355 334; x_wconf 84' lang='lat' dir='ltr'><strong>ex</strong></span> <span class='ocrx_word' id='word_1_35' title='bbox 379 305 577 334; x_wconf 32' lang='lat' dir='ltr'><strong>citatis’Delrii</strong></span> <span class='ocrx_word' id='word_1_36' title='bbox 598 305 732 342; x_wconf 85' lang='lat' dir='ltr'><strong>Vindiciis</strong></span> <span class='ocrx_word' id='word_1_37' title='bbox 758 307 886 340; x_wconf 77' lang='lat' dir='ltr'><strong>cognosci</strong></span> <span class='ocrx_word' id='word_1_38' title='bbox 913 305 995 335; x_wconf 77' lang='lat' dir='ltr'><strong>facile</strong></span> 
     </span>
    </p>
   </div>
   <div class='ocr_carea' id='block_1_7' title="bbox 206 341 994 376">
    <p class='ocr_par' dir='ltr' id='par_1_7' title="bbox 206 341 994 376">
     <span class='ocr_line' id='line_1_7' title="bbox 206 341 994 376; baseline 0.001 -7"><span class='ocrx_word' id='word_1_39' title='bbox 206 341 258 369; x_wconf 81' lang='lat' dir='ltr'><strong>est.</strong></span> <span class='ocrx_word' id='word_1_40' title='bbox 283 342 352 369; x_wconf 83' lang='lat' dir='ltr'><strong>Nam</strong></span> <span class='ocrx_word' id='word_1_41' title='bbox 376 347 416 370; x_wconf 84' lang='lat' dir='ltr'><strong>tot</strong></span> <span class='ocrx_word' id='word_1_42' title='bbox 440 342 571 370; x_wconf 78' lang='lat' dir='ltr'><strong>Romanis</strong></span> <span class='ocrx_word' id='word_1_43' title='bbox 596 341 784 376; x_wconf 81' lang='lat' dir='ltr'><strong>pontificibus,</strong></span> <span class='ocrx_word' id='word_1_44' title='bbox 808 346 847 368; x_wconf 89' lang='lat' dir='ltr'><strong>tot</strong></span> <span class='ocrx_word' id='word_1_45' title='bbox 871 341 994 370; x_wconf 81' lang='lat' dir='ltr'><strong>conciliis</strong></span> 
     </span>
    </p>
   </div>
   <div class='ocr_carea' id='block_1_8' title="bbox 206 376 994 412">
    <p class='ocr_par' dir='ltr' id='par_1_8' title="bbox 206 376 994 412">
     <span class='ocr_line' id='line_1_8' title="bbox 206 376 994 412; baseline 0.004 -10"><span class='ocrx_word' id='word_1_46' title='bbox 206 378 421 408; x_wconf 87' lang='lat' dir='ltr'><strong>nuiversalibns,</strong></span> <span class='ocrx_word' id='word_1_47' title='bbox 444 383 483 405; x_wconf 91' lang='lat' dir='ltr'><strong>tot</strong></span> <span class='ocrx_word' id='word_1_48' title='bbox 509 377 693 412; x_wconf 87' lang='lat' dir='ltr'><strong>patriarchis,</strong></span> <span class='ocrx_word' id='word_1_49' title='bbox 718 381 758 404; x_wconf 90' lang='lat' dir='ltr'><strong>tot</strong></span> <span class='ocrx_word' id='word_1_50' title='bbox 780 376 928 410; x_wconf 80' lang='lat' dir='ltr'><strong>episcopis,</strong></span> <span class='ocrx_word' id='word_1_51' title='bbox 954 382 994 405; x_wconf 90' lang='lat' dir='ltr'><strong>tot</strong></span> 
     </span>
    </p>
   </div>
   <div class='ocr_carea' id='block_1_9' title="bbox 206 412 992 447">
    <p class='ocr_par' dir='ltr' id='par_1_9' title="bbox 206 412 992 447">
     <span class='ocr_line' id='line_1_9' title="bbox 206 412 992 447; baseline 0.003 -9"><span class='ocrx_word' id='word_1_52' title='bbox 206 413 377 445; x_wconf 85' lang='lat' dir='ltr'><strong>doctoribus.</strong></span> <span class='ocrx_word' id='word_1_53' title='bbox 393 420 462 447; x_wconf 88' lang='lat' dir='ltr'><strong>quos</strong></span> <span class='ocrx_word' id='word_1_54' title='bbox 478 414 548 441; x_wconf 88' lang='lat' dir='ltr'><strong>idem</strong></span> <span class='ocrx_word' id='word_1_55' title='bbox 571 413 663 439; x_wconf 92' lang='lat' dir='ltr'><strong>laudat</strong></span> <span class='ocrx_word' id='word_1_56' title='bbox 678 417 771 438; x_wconf 93' lang='lat' dir='ltr'><strong>noster</strong></span> <span class='ocrx_word' id='word_1_57' title='bbox 786 412 902 442; x_wconf 86' lang='lat' dir='ltr'><strong>Delrius.</strong></span> <span class='ocrx_word' id='word_1_58' title='bbox 927 413 992 446; x_wconf 90' lang='lat' dir='ltr'><strong>quid</strong></span> 
     </span>
    </p>
   </div>
   <div class='ocr_carea' id='block_1_10' title="bbox 207 446 992 482">
    <p class='ocr_par' dir='ltr' id='par_1_10' title="bbox 207 446 992 482">
     <span class='ocr_line' id='line_1_10' title="bbox 207 446 992 482; baseline 0.003 -9"><span class='ocrx_word' id='word_1_59' title='bbox 207 447 311 482; x_wconf 82' lang='lat' dir='ltr'><strong>habent</strong></span> <span class='ocrx_word' id='word_1_60' title='bbox 334 446 485 476; x_wconf 83' lang='lat' dir='ltr'><strong>adversarii</strong></span> <span class='ocrx_word' id='word_1_61' title='bbox 508 448 580 482; x_wconf 87' lang='lat' dir='ltr'><strong>quod</strong></span> <span class='ocrx_word' id='word_1_62' title='bbox 600 446 761 482; x_wconf 86' lang='lat' dir='ltr'><strong>opponant?</strong></span> <span class='ocrx_word' id='word_1_63' title='bbox 788 447 903 482; x_wconf 21' lang='lat' dir='ltr'><strong>Solidasr</strong></span> <span class='ocrx_word' id='word_1_64' title='bbox 920 447 992 475; x_wconf 86' lang='lat' dir='ltr'><strong>forte</strong></span> 
     </span>
    </p>
   </div>
   <div class='ocr_carea' id='block_1_11' title="bbox 206 481 990 516">
    <p class='ocr_par' dir='ltr' id='par_1_11' title="bbox 206 481 990 516">
     <span class='ocr_line' id='line_1_11' title="bbox 206 481 990 516; baseline 0.003 -8"><span class='ocrx_word' id='word_1_65' title='bbox 206 481 347 516; x_wconf 90' lang='lat' dir='ltr'><strong>inquirent</strong></span> <span class='ocrx_word' id='word_1_66' title='bbox 358 484 478 511; x_wconf 87' lang='lat' dir='ltr'><strong>rationes</strong></span> <span class='ocrx_word' id='word_1_67' title='bbox 489 481 562 510; x_wconf 84' lang='lat' dir='ltr'><strong>orimi</strong></span> <span class='ocrx_word' id='word_1_68' title='bbox 577 481 698 510; x_wconf 86' lang='lat' dir='ltr'><strong>humana</strong></span> <span class='ocrx_word' id='word_1_69' title='bbox 713 482 878 509; x_wconf 89' lang='lat' dir='ltr'><strong>auctoritate</strong></span> <span class='ocrx_word' id='word_1_70' title='bbox 892 481 990 510; x_wconf 89' lang='lat' dir='ltr'><strong>fortio-</strong></span> 
     </span>
    </p>
   </div>
   <div class='ocr_carea' id='block_1_12' title="bbox 207 517 991 553">
    <p class='ocr_par' dir='ltr' id='par_1_12' title="bbox 207 517 991 553">
     <span class='ocr_line' id='line_1_12' title="bbox 207 517 991 553; baseline 0.003 -10"><span class='ocrx_word' id='word_1_71' title='bbox 207 524 271 551; x_wconf 85' lang='lat' dir='ltr'><strong>res;</strong></span> <span class='ocrx_word' id='word_1_72' title='bbox 301 518 391 553; x_wconf 90' lang='lat' dir='ltr'><strong>itaqne</strong></span> <span class='ocrx_word' id='word_1_73' title='bbox 417 518 476 546; x_wconf 87' lang='lat' dir='ltr'><strong>illas</strong></span> <span class='ocrx_word' id='word_1_74' title='bbox 499 517 571 546; x_wconf 88' lang='lat' dir='ltr'><strong>infra</strong></span> <span class='ocrx_word' id='word_1_75' title='bbox 590 517 745 545; x_wconf 88' lang='lat' dir='ltr'><strong>videbimus</strong></span> <span class='ocrx_word' id='word_1_76' title='bbox 768 522 796 544; x_wconf 87' lang='lat' dir='ltr'><strong>et</strong></span> <span class='ocrx_word' id='word_1_77' title='bbox 819 517 991 545; x_wconf 82' lang='lat' dir='ltr'><strong>examinabi—</strong></span> 
     </span>
    </p>
   </div>
   <div class='ocr_carea' id='block_1_13' title="bbox 207 552 989 588">
    <p class='ocr_par' dir='ltr' id='par_1_13' title="bbox 207 552 989 588">
     <span class='ocr_line' id='line_1_13' title="bbox 207 552 989 588; baseline 0.001 -10"><span class='ocrx_word' id='word_1_78' title='bbox 207 559 268 588; x_wconf 73' lang='lat' dir='ltr'><strong>mus</strong></span> <span class='ocrx_word' id='word_1_79' title='bbox 284 561 290 578; x_wconf 88' lang='lat'><strong>:</strong></span> <span class='ocrx_word' id='word_1_80' title='bbox 307 557 335 579; x_wconf 86' lang='lat' dir='ltr'><strong>et</strong></span> <span class='ocrx_word' id='word_1_81' title='bbox 348 552 395 581; x_wconf 37' lang='lat' dir='ltr'><strong>’sic</strong></span> <span class='ocrx_word' id='word_1_82' title='bbox 415 554 538 588; x_wconf 89' lang='lat' dir='ltr'><strong>quidem,</strong></span> <span class='ocrx_word' id='word_1_83' title='bbox 557 558 587 580; x_wconf 94' lang='lat' dir='ltr'><strong>ut</strong></span> <span class='ocrx_word' id='word_1_84' title='bbox 607 560 670 588; x_wconf 83' lang='lat' dir='ltr'><strong>cum</strong></span> <span class='ocrx_word' id='word_1_85' title='bbox 696 552 861 579; x_wconf 86' lang='lat' dir='ltr'><strong>fortissimas</strong></span> <span class='ocrx_word' id='word_1_86' title='bbox 882 559 989 588; x_wconf 87' lang='lat' dir='ltr'><strong>earum,</strong></span> 
     </span>
    </p>
   </div>
   <div class='ocr_carea' id='block_1_14' title="bbox 205 587 988 624">
    <p class='ocr_par' dir='ltr' id='par_1_14' title="bbox 205 587 988 624">
     <span class='ocr_line' id='line_1_14' title="bbox 205 587 988 624; baseline 0 -10"><span class='ocrx_word' id='word_1_87' title='bbox 205 587 389 624; x_wconf 75' lang='lat' dir='ltr'><strong>nullacarnm</strong></span> <span class='ocrx_word' id='word_1_88' title='bbox 405 597 466 624; x_wconf 77' lang='lat' dir='ltr'><strong>quae</strong></span> <span class='ocrx_word' id='word_1_89' title='bbox 481 589 611 624; x_wconf 89' lang='lat' dir='ltr'><strong>ponderis</strong></span> <span class='ocrx_word' id='word_1_90' title='bbox 625 587 739 624; x_wconf 82' lang='lat' dir='ltr'><strong>alicujus</strong></span> <span class='ocrx_word' id='word_1_91' title='bbox 755 588 792 614; x_wconf 91' lang='lat' dir='ltr'><strong>sit</strong></span> <span class='ocrx_word' id='word_1_92' title='bbox 805 587 988 624; x_wconf 81' lang='lat' dir='ltr'><strong>dissimulata,</strong></span> 
     </span>
    </p>
   </div>
   <div class='ocr_carea' id='block_1_15' title="bbox 204 622 989 658">
    <p class='ocr_par' dir='ltr' id='par_1_15' title="bbox 204 622 989 658">
     <span class='ocr_line' id='line_1_15' title="bbox 204 622 989 658; baseline 0.001 -9"><span class='ocrx_word' id='word_1_93' title='bbox 204 622 527 658; x_wconf 47' lang='lat' dir='ltr'><strong>protulerimnsjaliquas</strong></span> <span class='ocrx_word' id='word_1_94' title='bbox 537 623 621 651; x_wconf 87' lang='lat' dir='ltr'><strong>etiam</strong></span> <span class='ocrx_word' id='word_1_95' title='bbox 635 631 650 651; x_wconf 87' lang='lat' dir='ltr'><strong>a</strong></span> <span class='ocrx_word' id='word_1_96' title='bbox 664 623 742 650; x_wconf 89' lang='lat' dir='ltr'><strong>nobis</strong></span> <span class='ocrx_word' id='word_1_97' title='bbox 757 630 841 650; x_wconf 89' lang='lat' dir='ltr'><strong>novas</strong></span> <span class='ocrx_word' id='word_1_98' title='bbox 857 622 989 650; x_wconf 80' lang='lat' dir='ltr'><strong>addamus</strong></span> 
     </span>
    </p>
   </div>
   <div class='ocr_carea' id='block_1_16' title="bbox 205 657 989 692">
    <p class='ocr_par' dir='ltr' id='par_1_16' title="bbox 205 657 989 692">
     <span class='ocr_line' id='line_1_16' title="bbox 205 657 989 692; baseline 0.004 -9"><span class='ocrx_word' id='word_1_99' title='bbox 205 657 241 684; x_wconf 85' lang='lat' dir='ltr'><strong>ab</strong></span> <span class='ocrx_word' id='word_1_100' title='bbox 270 657 322 684; x_wconf 87' lang='lat' dir='ltr'><strong>illis</strong></span> <span class='ocrx_word' id='word_1_101' title='bbox 343 657 509 692; x_wconf 74' lang='lat' dir='ltr'><strong>przeteritas,</strong></span> <span class='ocrx_word' id='word_1_102' title='bbox 532 664 561 687; x_wconf 89' lang='lat' dir='ltr'><strong>et</strong></span> <span class='ocrx_word' id='word_1_103' title='bbox 588 664 678 686; x_wconf 86' lang='lat' dir='ltr'><strong>tamen</strong></span> <span class='ocrx_word' id='word_1_104' title='bbox 702 658 736 686; x_wconf 88' lang='lat' dir='ltr'><strong>iis</strong></span> <span class='ocrx_word' id='word_1_105' title='bbox 752 665 821 692; x_wconf 92' lang='lat' dir='ltr'><strong>quas</strong></span> <span class='ocrx_word' id='word_1_106' title='bbox 846 657 989 686; x_wconf 84' lang='lat' dir='ltr'><strong>attulerint</strong></span> 
     </span>
    </p>
   </div>
   <div class='ocr_carea' id='block_1_17' title="bbox 203 692 484 722">
    <p class='ocr_par' dir='ltr' id='par_1_17' title="bbox 203 692 484 722">
     <span class='ocr_line' id='line_1_17' title="bbox 203 692 484 722; baseline 0.007 -2"><span class='ocrx_word' id='word_1_107' title='bbox 203 692 294 720; x_wconf 72' lang='lat' dir='ltr'><strong>avictu</strong></span> <span class='ocrx_word' id='word_1_108' title='bbox 310 692 484 722; x_wconf 76' lang='lat' dir='ltr'><strong>difficiliores.</strong></span> 
     </span>
    </p>
   </div>
   <div class='ocr_carea' id='block_1_18' title="bbox 240 727 988 764">
    <p class='ocr_par' dir='ltr' id='par_1_18' title="bbox 240 727 988 764">
     <span class='ocr_line' id='line_1_18' title="bbox 240 727 988 764; baseline 0.003 -11"><span class='ocrx_word' id='word_1_109' title='bbox 240 727 370 761; x_wconf 82' lang='lat' dir='ltr'><strong>Quintum</strong></span> <span class='ocrx_word' id='word_1_110' title='bbox 381 734 587 764; x_wconf 74' lang='lat' dir='ltr'><strong>argumentum.</strong></span> <span class='ocrx_word' id='word_1_111' title='bbox 598 728 657 756; x_wconf 83' lang='lat' dir='ltr'><strong>Non</strong></span> <span class='ocrx_word' id='word_1_112' title='bbox 670 732 712 754; x_wconf 86' lang='lat' dir='ltr'><strong>est</strong></span> <span class='ocrx_word' id='word_1_113' title='bbox 726 727 810 754; x_wconf 89' lang='lat' dir='ltr'><strong>divini</strong></span> <span class='ocrx_word' id='word_1_114' title='bbox 825 727 929 764; x_wconf 36' lang='lat' dir='ltr'><strong>moris,</strong></span> <span class='ocrx_word' id='word_1_115' title='bbox 937 735 988 755; x_wconf 89' lang='lat' dir='ltr'><strong>nec</strong></span> 
     </span>
    </p>
   </div>
   <div class='ocr_carea' id='block_1_19' title="bbox 203 762 987 799">
    <p class='ocr_par' dir='ltr' id='par_1_19' title="bbox 203 762 987 799">
     <span class='ocr_line' id='line_1_19' title="bbox 203 762 987 799; baseline 0.001 -10"><span class='ocrx_word' id='word_1_116' title='bbox 203 762 626 799; x_wconf 44' lang='lat' dir='ltr'><strong>aeterna:illitis—providentiae,</strong></span> <span class='ocrx_word' id='word_1_117' title='bbox 653 770 747 799; x_wconf 13' lang='lat' dir='ltr'><strong>operag</strong></span> <span class='ocrx_word' id='word_1_118' title='bbox 766 770 837 789; x_wconf 86' lang='lat' dir='ltr'><strong>vana</strong></span> <span class='ocrx_word' id='word_1_119' title='bbox 862 766 889 790; x_wconf 84' lang='lat' dir='ltr'><strong>et</strong></span> <span class='ocrx_word' id='word_1_120' title='bbox 916 762 987 790; x_wconf 83' lang='lat' dir='ltr'><strong>ﬁctis</strong></span> 
     </span>
    </p>
   </div>
   <div class='ocr_carea' id='block_1_20' title="bbox 203 797 987 832">
    <p class='ocr_par' dir='ltr' id='par_1_20' title="bbox 203 797 987 832">
     <span class='ocr_line' id='line_1_20' title="bbox 203 797 987 832; baseline 0 -8"><span class='ocrx_word' id='word_1_121' title='bbox 203 798 353 826; x_wconf 88' lang='lat' dir='ltr'><strong>mendaciis</strong></span> <span class='ocrx_word' id='word_1_122' title='bbox 368 797 446 832; x_wconf 80' lang='lat' dir='ltr'><strong>plena</strong></span> <span class='ocrx_word' id='word_1_123' title='bbox 462 801 535 827; x_wconf 88' lang='lat' dir='ltr'><strong>veris</strong></span> <span class='ocrx_word' id='word_1_124' title='bbox 553 806 652 827; x_wconf 86' lang='lat' dir='ltr'><strong>ornare</strong></span> <span class='ocrx_word' id='word_1_125' title='bbox 665 802 693 825; x_wconf 88' lang='lat' dir='ltr'><strong>et</strong></span> <span class='ocrx_word' id='word_1_126' title='bbox 706 797 891 825; x_wconf 81' lang='lat' dir='ltr'><strong>cohonestare</strong></span> <span class='ocrx_word' id='word_1_127' title='bbox 904 799 987 824; x_wconf 91' lang='lat' dir='ltr'><strong>mira-</strong></span> 
     </span>
    </p>
   </div>
   <div class='ocr_carea' id='block_1_21' title="bbox 203 832 987 869">
    <p class='ocr_par' dir='ltr' id='par_1_21' title="bbox 203 832 987 869">
     <span class='ocr_line' id='line_1_21' title="bbox 203 832 987 869; baseline 0.001 -10"><span class='ocrx_word' id='word_1_128' title='bbox 203 833 282 860; x_wconf 88' lang='lat' dir='ltr'><strong>culis.</strong></span> <span class='ocrx_word' id='word_1_129' title='bbox 299 833 378 868; x_wconf 86' lang='lat' dir='ltr'><strong>Atqui</strong></span> <span class='ocrx_word' id='word_1_130' title='bbox 392 835 563 869; x_wconf 84' lang='lat' dir='ltr'><strong>Areopagitae</strong></span> <span class='ocrx_word' id='word_1_131' title='bbox 580 835 680 869; x_wconf 89' lang='lat' dir='ltr'><strong>Opera,</strong></span> <span class='ocrx_word' id='word_1_132' title='bbox 699 841 760 860; x_wconf 90' lang='lat' dir='ltr'><strong>cum</strong></span> <span class='ocrx_word' id='word_1_133' title='bbox 775 832 858 860; x_wconf 87' lang='lat' dir='ltr'><strong>variis</strong></span> <span class='ocrx_word' id='word_1_134' title='bbox 873 833 987 860; x_wconf 75' lang='lat' dir='ltr'><strong>infirmi-</strong></span> 
     </span>
    </p>
   </div>
   <div class='ocr_carea' id='block_1_22' title="bbox 203 868 985 903">
    <p class='ocr_par' dir='ltr' id='par_1_22' title="bbox 203 868 985 903">
     <span class='ocr_line' id='line_1_22' title="bbox 203 868 985 903; baseline 0 -9"><span class='ocrx_word' id='word_1_135' title='bbox 203 869 306 896; x_wconf 84' lang='lat' dir='ltr'><strong>tatibus</strong></span> <span class='ocrx_word' id='word_1_136' title='bbox 321 869 347 895; x_wconf 93' lang='lat' dir='ltr'><strong>in</strong></span> <span class='ocrx_word' id='word_1_137' title='bbox 365 871 431 896; x_wconf 85' lang='lat' dir='ltr'><strong>tanti</strong></span> <span class='ocrx_word' id='word_1_138' title='bbox 449 868 647 897; x_wconf 33' lang='lat' dir='ltr'><strong>viri&#39;honoreln</strong></span> <span class='ocrx_word' id='word_1_139' title='bbox 664 868 878 903; x_wconf 85' lang='lat' dir='ltr'><strong>applicarentur,</strong></span> <span class='ocrx_word' id='word_1_140' title='bbox 893 869 985 895; x_wconf 91' lang='lat' dir='ltr'><strong>multis</strong></span> 
     </span>
    </p>
   </div>
   <div class='ocr_carea' id='block_1_23' title="bbox 1048 271 1837 308">
    <p class='ocr_par' dir='ltr' id='par_1_23' title="bbox 1048 271 1837 308">
     <span class='ocr_line' id='line_1_23' title="bbox 1048 271 1837 308; baseline 0 -9"><span class='ocrx_word' id='word_1_141' title='bbox 1048 273 1182 308; x_wconf 17' lang='lat' dir='ltr'><strong>prrtecipna</strong></span> <span class='ocrx_word' id='word_1_142' title='bbox 1192 273 1296 308; x_wconf 90' lang='lat' dir='ltr'><strong>sunt)in</strong></span> <span class='ocrx_word' id='word_1_143' title='bbox 1306 273 1392 306; x_wconf 88' lang='lat' dir='ltr'><strong>prima</strong></span> <span class='ocrx_word' id='word_1_144' title='bbox 1402 272 1460 308; x_wconf 82' lang='lat' dir='ltr'><strong>acie</strong></span> <span class='ocrx_word' id='word_1_145' title='bbox 1469 272 1643 308; x_wconf 83' lang='lat' dir='ltr'><strong>constituam.</strong></span> <span class='ocrx_word' id='word_1_146' title='bbox 1656 271 1692 298; x_wconf 87' lang='lat' dir='ltr'><strong>Ea</strong></span> <span class='ocrx_word' id='word_1_147' title='bbox 1702 276 1764 298; x_wconf 91' lang='lat' dir='ltr'><strong>sunt</strong></span> <span class='ocrx_word' id='word_1_148' title='bbox 1775 280 1837 306; x_wconf 65' lang='lat' dir='ltr'><strong>quae</strong></span> 
     </span>
    </p>
   </div>
   <div class='ocr_carea' id='block_1_24' title="bbox 1047 306 1834 342">
    <p class='ocr_par' dir='ltr' id='par_1_24' title="bbox 1047 306 1834 342">
     <span class='ocr_line' id='line_1_24' title="bbox 1047 306 1834 342; baseline 0 -7"><span class='ocrx_word' id='word_1_149' title='bbox 1047 307 1206 335; x_wconf 88' lang='lat' dir='ltr'><strong>Theodorus</strong></span> <span class='ocrx_word' id='word_1_150' title='bbox 1219 306 1374 342; x_wconf 83' lang='lat' dir='ltr'><strong>presbyter,</strong></span> <span class='ocrx_word' id='word_1_151' title='bbox 1391 306 1469 340; x_wconf 89' lang='lat' dir='ltr'><strong>cujus</strong></span> <span class='ocrx_word' id='word_1_152' title='bbox 1485 307 1555 334; x_wconf 88' lang='lat' dir='ltr'><strong>facta</strong></span> <span class='ocrx_word' id='word_1_153' title='bbox 1572 310 1633 333; x_wconf 87' lang='lat' dir='ltr'><strong>ante</strong></span> <span class='ocrx_word' id='word_1_154' title='bbox 1651 308 1766 342; x_wconf 72' lang='lat' dir='ltr'><strong>mentio,</strong></span> <span class='ocrx_word' id='word_1_155' title='bbox 1782 309 1834 335; x_wconf 88' lang='lat' dir='ltr'><strong>sihi</strong></span> 
     </span>
    </p>
   </div>
   <div class='ocr_carea' id='block_1_25' title="bbox 1045 341 1835 378">
    <p class='ocr_par' dir='ltr' id='par_1_25' title="bbox 1045 341 1835 378">
     <span class='ocr_line' id='line_1_25' title="bbox 1045 341 1835 378; baseline 0 -8"><span class='ocrx_word' id='word_1_156' title='bbox 1045 343 1199 378; x_wconf 87' lang='lat' dir='ltr'><strong>proposuit,</strong></span> <span class='ocrx_word' id='word_1_157' title='bbox 1213 341 1260 369; x_wconf 84' lang='lat' dir='ltr'><strong>aut</strong></span> <span class='ocrx_word' id='word_1_158' title='bbox 1274 341 1335 370; x_wconf 89' lang='lat' dir='ltr'><strong>aliis</strong></span> <span class='ocrx_word' id='word_1_159' title='bbox 1349 343 1488 378; x_wconf 82' lang='lat' dir='ltr'><strong>proposita</strong></span> <span class='ocrx_word' id='word_1_160' title='bbox 1500 341 1636 378; x_wconf 75' lang='lat' dir='ltr'><strong>dissolvit.</strong></span> <span class='ocrx_word' id='word_1_161' title='bbox 1652 341 1686 368; x_wconf 82' lang='lat' dir='ltr'><strong>Et</strong></span> <span class='ocrx_word' id='word_1_162' title='bbox 1700 343 1764 376; x_wconf 84' lang='lat' dir='ltr'><strong>quia</strong></span> <span class='ocrx_word' id='word_1_163' title='bbox 1777 343 1835 370; x_wconf 85' lang='lat' dir='ltr'><strong>dis-</strong></span> 
     </span>
    </p>
   </div>
   <div class='ocr_carea' id='block_1_26' title="bbox 1045 377 1833 412">
    <p class='ocr_par' dir='ltr' id='par_1_26' title="bbox 1045 377 1833 412">
     <span class='ocr_line' id='line_1_26' title="bbox 1045 377 1833 412; baseline 0 -7"><span class='ocrx_word' id='word_1_164' title='bbox 1045 377 1142 410; x_wconf 78' lang='lat' dir='ltr'><strong>solvit,</strong></span> <span class='ocrx_word' id='word_1_165' title='bbox 1159 383 1185 405; x_wconf 89' lang='lat' dir='ltr'><strong>ct</strong></span> <span class='ocrx_word' id='word_1_166' title='bbox 1202 378 1264 412; x_wconf 88' lang='lat' dir='ltr'><strong>quia</strong></span> <span class='ocrx_word' id='word_1_167' title='bbox 1285 377 1478 405; x_wconf 80' lang='lat' dir='ltr'><strong>dissolutiones</strong></span> <span class='ocrx_word' id='word_1_168' title='bbox 1498 377 1551 404; x_wconf 68' lang='lat' dir='ltr'><strong>illa:</strong></span> <span class='ocrx_word' id='word_1_169' title='bbox 1565 377 1621 411; x_wconf 91' lang='lat' dir='ltr'><strong>jam</strong></span> <span class='ocrx_word' id='word_1_170' title='bbox 1638 384 1692 403; x_wconf 92' lang='lat' dir='ltr'><strong>non</strong></span> <span class='ocrx_word' id='word_1_171' title='bbox 1710 382 1833 411; x_wconf 81' lang='lat' dir='ltr'><strong>exstant,</strong></span> 
     </span>
    </p>
   </div>
   <div class='ocr_carea' id='block_1_27' title="bbox 1044 411 1835 447">
    <p class='ocr_par' dir='ltr' id='par_1_27' title="bbox 1044 411 1835 447">
     <span class='ocr_line' id='line_1_27' title="bbox 1044 411 1835 447; baseline 0 -7"><span class='ocrx_word' id='word_1_172' title='bbox 1044 413 1166 440; x_wconf 87' lang='lat' dir='ltr'><strong>conabor</strong></span> <span class='ocrx_word' id='word_1_173' title='bbox 1179 411 1245 447; x_wconf 75' lang='lat' dir='ltr'><strong>ergo</strong></span> <span class='ocrx_word' id='word_1_174' title='bbox 1268 412 1337 439; x_wconf 89' lang='lat' dir='ltr'><strong>alias</strong></span> <span class='ocrx_word' id='word_1_175' title='bbox 1353 413 1472 447; x_wconf 81' lang='lat' dir='ltr'><strong>(tametsi</strong></span> <span class='ocrx_word' id='word_1_176' title='bbox 1495 419 1524 440; x_wconf 94' lang='lat' dir='ltr'><strong>re</strong></span> <span class='ocrx_word' id='word_1_177' title='bbox 1544 412 1602 446; x_wconf 85' lang='lat' dir='ltr'><strong>ipsa</strong></span> <span class='ocrx_word' id='word_1_178' title='bbox 1624 411 1750 439; x_wconf 77' lang='lat' dir='ltr'><strong>fortassis</strong></span> <span class='ocrx_word' id='word_1_179' title='bbox 1772 421 1835 440; x_wconf 81' lang='lat' dir='ltr'><strong>eas-</strong></span> 
     </span>
    </p>
   </div>
   <div class='ocr_carea' id='block_1_28' title="bbox 1044 447 1832 483">
    <p class='ocr_par' dir='ltr' id='par_1_28' title="bbox 1044 447 1832 483">
     <span class='ocr_line' id='line_1_28' title="bbox 1044 447 1832 483; baseline 0.003 -9"><span class='ocrx_word' id='word_1_180' title='bbox 1044 448 1117 483; x_wconf 85' lang='lat' dir='ltr'><strong>dem)</strong></span> <span class='ocrx_word' id='word_1_181' title='bbox 1135 453 1224 475; x_wconf 88' lang='lat' dir='ltr'><strong>tamen</strong></span> <span class='ocrx_word' id='word_1_182' title='bbox 1243 455 1370 475; x_wconf 81' lang='lat' dir='ltr'><strong>sermone</strong></span> <span class='ocrx_word' id='word_1_183' title='bbox 1389 453 1416 474; x_wconf 83' lang='lat' dir='ltr'><strong>et</strong></span> <span class='ocrx_word' id='word_1_184' title='bbox 1435 452 1551 475; x_wconf 89' lang='lat' dir='ltr'><strong>tractatu</strong></span> <span class='ocrx_word' id='word_1_185' title='bbox 1571 448 1704 479; x_wconf 86' lang='lat' dir='ltr'><strong>diversas,</strong></span> <span class='ocrx_word' id='word_1_186' title='bbox 1720 447 1747 474; x_wconf 91' lang='lat' dir='ltr'><strong>in</strong></span> <span class='ocrx_word' id='word_1_187' title='bbox 1771 456 1832 476; x_wconf 81' lang='lat' dir='ltr'><strong>me-</strong></span> 
     </span>
    </p>
   </div>
   <div class='ocr_carea' id='block_1_29' title="bbox 1043 483 1218 517">
    <p class='ocr_par' dir='ltr' id='par_1_29' title="bbox 1043 483 1218 517">
     <span class='ocr_line' id='line_1_29' title="bbox 1043 483 1218 517; baseline 0.011 -8"><span class='ocrx_word' id='word_1_188' title='bbox 1043 483 1089 510; x_wconf 93' lang='lat' dir='ltr'><strong>dio</strong></span> <span class='ocrx_word' id='word_1_189' title='bbox 1104 490 1218 517; x_wconf 84' lang='lat' dir='ltr'><strong>ponere.</strong></span> 
     </span>
    </p>
   </div>
   <div class='ocr_carea' id='block_1_30' title="bbox 1079 516 1831 553">
    <p class='ocr_par' dir='ltr' id='par_1_30' title="bbox 1079 516 1831 553">
     <span class='ocr_line' id='line_1_30' title="bbox 1079 516 1831 553; baseline -0.003 -8"><span class='ocrx_word' id='word_1_190' title='bbox 1079 516 1198 545; x_wconf 81' lang='lat' dir='ltr'><strong>Primum</strong></span> <span class='ocrx_word' id='word_1_191' title='bbox 1223 518 1305 553; x_wconf 79' lang='lat' dir='ltr'><strong>igitur</strong></span> <span class='ocrx_word' id='word_1_192' title='bbox 1326 523 1517 553; x_wconf 82' lang='lat' dir='ltr'><strong>argumentum</strong></span> <span class='ocrx_word' id='word_1_193' title='bbox 1541 521 1603 544; x_wconf 88' lang='lat' dir='ltr'><strong>est:</strong></span> <span class='ocrx_word' id='word_1_194' title='bbox 1621 516 1649 553; x_wconf 84' lang='lat' dir='ltr'><strong>Si</strong></span> <span class='ocrx_word' id='word_1_195' title='bbox 1665 517 1768 552; x_wconf 88' lang='lat' dir='ltr'><strong>scripta</strong></span> <span class='ocrx_word' id='word_1_196' title='bbox 1787 518 1831 544; x_wconf 74' lang='lat' dir='ltr'><strong>il!:r</strong></span> 
     </span>
    </p>
   </div>
   <div class='ocr_carea' id='block_1_31' title="bbox 1041 552 1832 588">
    <p class='ocr_par' dir='ltr' id='par_1_31' title="bbox 1041 552 1832 588">
     <span class='ocr_line' id='line_1_31' title="bbox 1041 552 1832 588; baseline -0.001 -8"><span class='ocrx_word' id='word_1_197' title='bbox 1041 553 1094 580; x_wconf 89' lang='lat' dir='ltr'><strong>sint</strong></span> <span class='ocrx_word' id='word_1_198' title='bbox 1115 552 1297 588; x_wconf 72' lang='lat' dir='ltr'><strong>Areopagitae,</strong></span> <span class='ocrx_word' id='word_1_199' title='bbox 1311 560 1360 580; x_wconf 90' lang='lat' dir='ltr'><strong>cur</strong></span> <span class='ocrx_word' id='word_1_200' title='bbox 1379 552 1474 580; x_wconf 81' lang='lat' dir='ltr'><strong>Patres</strong></span> <span class='ocrx_word' id='word_1_201' title='bbox 1488 561 1520 580; x_wconf 88' lang='lat' dir='ltr'><strong>eo</strong></span> <span class='ocrx_word' id='word_1_202' title='bbox 1534 552 1699 587; x_wconf 83' lang='lat' dir='ltr'><strong>posteriores</strong></span> <span class='ocrx_word' id='word_1_203' title='bbox 1722 552 1832 580; x_wconf 88' lang='lat' dir='ltr'><strong>illorum</strong></span> 
     </span>
    </p>
   </div>
   <div class='ocr_carea' id='block_1_32' title="bbox 1041 588 1312 616">
    <p class='ocr_par' dir='ltr' id='par_1_32' title="bbox 1041 588 1312 616">
     <span class='ocr_line' id='line_1_32' title="bbox 1041 588 1312 616; baseline -0.004 -1"><span class='ocrx_word' id='word_1_204' title='bbox 1041 596 1095 615; x_wconf 90' lang='lat' dir='ltr'><strong>non</strong></span> <span class='ocrx_word' id='word_1_205' title='bbox 1110 589 1291 616; x_wconf 87' lang='lat' dir='ltr'><strong>meminerunt</strong></span> <span class='ocrx_word' id='word_1_206' title='bbox 1300 588 1312 614; x_wconf 87' lang='lat'><strong>?</strong></span> 
     </span>
    </p>
   </div>
   <div class='ocr_carea' id='block_1_33' title="bbox 1077 622 1830 658">
    <p class='ocr_par' dir='ltr' id='par_1_33' title="bbox 1077 622 1830 658">
     <span class='ocr_line' id='line_1_33' title="bbox 1077 622 1830 658; baseline -0.001 -8"><span class='ocrx_word' id='word_1_207' title='bbox 1077 623 1244 652; x_wconf 87' lang='lat' dir='ltr'><strong>Secundum.</strong></span> <span class='ocrx_word' id='word_1_208' title='bbox 1260 622 1394 650; x_wconf 86' lang='lat' dir='ltr'><strong>Eusebius</strong></span> <span class='ocrx_word' id='word_1_209' title='bbox 1408 622 1551 658; x_wconf 79' lang='lat' dir='ltr'><strong>Pamphili.</strong></span> <span class='ocrx_word' id='word_1_210' title='bbox 1568 622 1614 656; x_wconf 91' lang='lat' dir='ltr'><strong>qui</strong></span> <span class='ocrx_word' id='word_1_211' title='bbox 1630 622 1713 658; x_wconf 73' lang='lat' dir='ltr'><strong>lieres</strong></span> <span class='ocrx_word' id='word_1_212' title='bbox 1729 629 1744 649; x_wconf 83' lang='grc' dir='ltr'><strong>ιι</strong></span> <span class='ocrx_word' id='word_1_213' title='bbox 1762 630 1830 658; x_wconf 84' lang='lat' dir='ltr'><strong>san-</strong></span> 
     </span>
    </p>
   </div>
   <div class='ocr_carea' id='block_1_34' title="bbox 1040 657 1832 691">
    <p class='ocr_par' dir='ltr' id='par_1_34' title="bbox 1040 657 1832 691">
     <span class='ocr_line' id='line_1_34' title="bbox 1040 657 1832 691; baseline -0.001 -6"><span class='ocrx_word' id='word_1_214' title='bbox 1040 659 1093 685; x_wconf 86' lang='lat' dir='ltr'><strong>ctis</strong></span> <span class='ocrx_word' id='word_1_215' title='bbox 1118 658 1246 686; x_wconf 85' lang='lat' dir='ltr'><strong>Patribus</strong></span> <span class='ocrx_word' id='word_1_216' title='bbox 1269 657 1440 691; x_wconf 75' lang='lat' dir='ltr'><strong>conscriptos</strong></span> <span class='ocrx_word' id='word_1_217' title='bbox 1466 657 1612 685; x_wconf 79' lang='lat' dir='ltr'><strong>recensuit.</strong></span> <span class='ocrx_word' id='word_1_218' title='bbox 1640 657 1739 684; x_wconf 89' lang='lat' dir='ltr'><strong>nullam</strong></span> <span class='ocrx_word' id='word_1_219' title='bbox 1770 657 1832 691; x_wconf 81' lang='lat' dir='ltr'><strong>ejus</strong></span> 
     </span>
    </p>
   </div>
   <div class='ocr_carea' id='block_1_35' title="bbox 1038 691 1830 755">
    <p class='ocr_par' dir='ltr' id='par_1_35' title="bbox 1038 691 1830 755">
     <span class='ocr_line' id='line_1_35' title="bbox 1038 691 1830 755; baseline -0.003 -34"><span class='ocrx_word' id='word_1_220' title='bbox 1038 693 1137 755; x_wconf 57' lang='lat' dir='ltr'><strong>Pperis</strong></span> <span class='ocrx_word' id='word_1_221' title='bbox 1152 703 1166 721; x_wconf 90' lang='lat' dir='ltr'><strong>a</strong></span> <span class='ocrx_word' id='word_1_222' title='bbox 1181 693 1311 729; x_wconf 88' lang='lat' dir='ltr'><strong>Dionysio</strong></span> <span class='ocrx_word' id='word_1_223' title='bbox 1322 693 1483 728; x_wconf 81' lang='lat' dir='ltr'><strong>Areopagita</strong></span> <span class='ocrx_word' id='word_1_224' title='bbox 1498 691 1645 727; x_wconf 89' lang='lat' dir='ltr'><strong>conscripli</strong></span> <span class='ocrx_word' id='word_1_225' title='bbox 1660 693 1830 720; x_wconf 79' lang='lat' dir='ltr'><strong>mentionem</strong></span> 
     </span>
     <span class='ocr_line' id='line_1_36' title="bbox 1050 733 1113 755; baseline 0.016 -1"><span class='ocrx_word' id='word_1_226' title='bbox 1050 733 1113 755; x_wconf 85' lang='lat' dir='ltr'><strong>acrt.</strong></span> 
     </span>
    </p>
   </div>
   <div class='ocr_carea' id='block_1_36' title="bbox 1050 729 1113 755">
    <p class='ocr_par' dir='ltr' id='par_1_36' title="bbox 1050 729 1113 755">
     <span class='ocr_line' id='line_1_37' title="bbox 1050 729 1113 755; baseline 0.016 -1"><span class='ocrx_word' id='word_1_227' title='bbox 1050 729 1113 755; x_wconf 68' lang='lat' dir='ltr'><strong>‘acit.</strong></span> 
     </span>
    </p>
   </div>
   <div class='ocr_carea' id='block_1_37' title="bbox 1075 762 1829 798">
    <p class='ocr_par' dir='ltr' id='par_1_37' title="bbox 1075 762 1829 798">
     <span class='ocr_line' id='line_1_38' title="bbox 1075 762 1829 798; baseline -0.003 -8"><span class='ocrx_word' id='word_1_228' title='bbox 1075 762 1208 791; x_wconf 82' lang='lat' dir='ltr'><strong>Tertium.</strong></span> <span class='ocrx_word' id='word_1_229' title='bbox 1224 764 1365 798; x_wconf 87' lang='lat' dir='ltr'><strong>Quomodo</strong></span> <span class='ocrx_word' id='word_1_230' title='bbox 1379 763 1567 794; x_wconf 80' lang='lat' dir='ltr'><strong>tradilionnm,</strong></span> <span class='ocrx_word' id='word_1_231' title='bbox 1584 770 1644 797; x_wconf 61' lang='lat' dir='ltr'><strong>quae</strong></span> <span class='ocrx_word' id='word_1_232' title='bbox 1658 763 1685 789; x_wconf 91' lang='lat' dir='ltr'><strong>in</strong></span> <span class='ocrx_word' id='word_1_233' title='bbox 1703 762 1829 789; x_wconf 84' lang='lat' dir='ltr'><strong>Ecclesra</strong></span> 
     </span>
    </p>
   </div>
   <div class='ocr_carea' id='block_1_38' title="bbox 1039 798 1829 834">
    <p class='ocr_par' dir='ltr' id='par_1_38' title="bbox 1039 798 1829 834">
     <span class='ocr_line' id='line_1_39' title="bbox 1039 798 1829 834; baseline -0.001 -8"><span class='ocrx_word' id='word_1_234' title='bbox 1039 806 1186 834; x_wconf 77' lang='lat' dir='ltr'><strong>progressu</strong></span> <span class='ocrx_word' id='word_1_235' title='bbox 1203 801 1320 832; x_wconf 84' lang='lat' dir='ltr'><strong>quodam</strong></span> <span class='ocrx_word' id='word_1_236' title='bbox 1337 803 1364 825; x_wconf 87' lang='lat' dir='ltr'><strong>et</strong></span> <span class='ocrx_word' id='word_1_237' title='bbox 1376 799 1507 832; x_wconf 85' lang='lat' dir='ltr'><strong>temporis</strong></span> <span class='ocrx_word' id='word_1_238' title='bbox 1523 798 1723 834; x_wconf 78' lang='lat' dir='ltr'><strong>longinquitate</strong></span> <span class='ocrx_word' id='word_1_239' title='bbox 1734 798 1829 834; x_wconf 65' lang='lat' dir='ltr'><strong>ingre-</strong></span> 
     </span>
    </p>
   </div>
   <div class='ocr_carea' id='block_1_39' title="bbox 1038 831 1830 868">
    <p class='ocr_par' dir='ltr' id='par_1_39' title="bbox 1038 831 1830 868">
     <span class='ocr_line' id='line_1_40' title="bbox 1038 831 1830 868; baseline -0.001 -8"><span class='ocrx_word' id='word_1_240' title='bbox 1038 831 1147 866; x_wconf 73' lang='lat' dir='ltr'><strong>vertint,</strong></span> <span class='ocrx_word' id='word_1_241' title='bbox 1161 831 1333 868; x_wconf 75' lang='lat' dir='ltr'><strong>particularis</strong></span> <span class='ocrx_word' id='word_1_242' title='bbox 1349 831 1491 868; x_wconf 79' lang='lat' dir='ltr'><strong>tenuisque</strong></span> <span class='ocrx_word' id='word_1_243' title='bbox 1504 833 1650 866; x_wconf 81' lang='lat' dir='ltr'><strong>descriptio</strong></span> <span class='ocrx_word' id='word_1_244' title='bbox 1666 833 1692 859; x_wconf 92' lang='lat' dir='ltr'><strong>in</strong></span> <span class='ocrx_word' id='word_1_245' title='bbox 1707 832 1741 859; x_wconf 87' lang='lat' dir='ltr'><strong>iis</strong></span> <span class='ocrx_word' id='word_1_246' title='bbox 1755 831 1830 867; x_wconf 87' lang='lat' dir='ltr'><strong>Ope-</strong></span> 
     </span>
    </p>
   </div>
   <div class='ocr_carea' id='block_1_40' title="bbox 1039 868 1828 904">
    <p class='ocr_par' dir='ltr' id='par_1_40' title="bbox 1039 868 1828 904">
     <span class='ocr_line' id='line_1_41' title="bbox 1039 868 1828 904; baseline -0.003 -8"><span class='ocrx_word' id='word_1_247' title='bbox 1039 870 1115 896; x_wconf 88' lang='lat' dir='ltr'><strong>rihns</strong></span> <span class='ocrx_word' id='word_1_248' title='bbox 1131 869 1307 896; x_wconf 84' lang='lat' dir='ltr'><strong>continetur?</strong></span> <span class='ocrx_word' id='word_1_249' title='bbox 1332 869 1446 904; x_wconf 79' lang='lat' dir='ltr'><strong>Magnus</strong></span> <span class='ocrx_word' id='word_1_250' title='bbox 1466 868 1540 904; x_wconf 85' lang='lat' dir='ltr'><strong>enim</strong></span> <span class='ocrx_word' id='word_1_251' title='bbox 1561 868 1716 904; x_wconf 77' lang='lat' dir='ltr'><strong>Dionysius,</strong></span> <span class='ocrx_word' id='word_1_252' title='bbox 1739 872 1769 893; x_wconf 91' lang='lat' dir='ltr'><strong>ut</strong></span> <span class='ocrx_word' id='word_1_253' title='bbox 1792 875 1828 894; x_wconf 74' lang='lat' dir='ltr'><strong>ex</strong></span> 
     </span>
    </p>
   </div>
   <div class='ocr_carea' id='block_1_41' title="bbox 203 903 1826 939">
    <p class='ocr_par' dir='ltr' id='par_1_41' title="bbox 203 903 1826 939">
     <span class='ocr_line' id='line_1_42' title="bbox 203 903 1826 939; baseline -0.001 -9"><span class='ocrx_word' id='word_1_254' title='bbox 203 903 333 931; x_wconf 82' lang='lat' dir='ltr'><strong>divinitus</strong></span> <span class='ocrx_word' id='word_1_255' title='bbox 355 905 498 932; x_wconf 83' lang='lat' dir='ltr'><strong>honestata</strong></span> <span class='ocrx_word' id='word_1_256' title='bbox 519 910 583 932; x_wconf 89' lang='lat' dir='ltr'><strong>sunt</strong></span> <span class='ocrx_word' id='word_1_257' title='bbox 603 903 755 936; x_wconf 87' lang='lat' dir='ltr'><strong>miraculis,</strong></span> <span class='ocrx_word' id='word_1_258' title='bbox 777 908 806 930; x_wconf 91' lang='lat' dir='ltr'><strong>ut</strong></span> <span class='ocrx_word' id='word_1_259' title='bbox 821 904 919 939; x_wconf 81' lang='lat' dir='ltr'><strong>capite</strong></span> <span class='ocrx_word' id='word_1_260' title='bbox 942 904 977 931; x_wconf 82' lang='grc'><strong>50</strong></span> <span class='ocrx_word' id='word_1_261' title='bbox 1005 907 1026 935; x_wconf 78' lang='grc' dir='ltr'><strong><em>Β</em></strong></span> <span class='ocrx_word' id='word_1_262' title='bbox 1042 905 1116 932; x_wconf 82' lang='lat' dir='ltr'><strong>Actis</strong></span> <span class='ocrx_word' id='word_1_263' title='bbox 1130 909 1215 939; x_wconf 85' lang='lat' dir='ltr'><strong>patet,</strong></span> <span class='ocrx_word' id='word_1_264' title='bbox 1237 903 1423 939; x_wconf 81' lang='lat' dir='ltr'><strong>apostolorum</strong></span> <span class='ocrx_word' id='word_1_265' title='bbox 1445 903 1559 939; x_wconf 71' lang='lat' dir='ltr'><strong>:eqnalis</strong></span> <span class='ocrx_word' id='word_1_266' title='bbox 1575 903 1639 934; x_wconf 89' lang='lat' dir='ltr'><strong>fuit;</strong></span> <span class='ocrx_word' id='word_1_267' title='bbox 1655 908 1826 939; x_wconf 19' lang='lat' dir='ltr'><strong>qtuerantem</strong></span> 
     </span>
    </p>
   </div>
   <div class='ocr_carea' id='block_1_42' title="bbox 203 938 988 974">
    <p class='ocr_par' dir='ltr' id='par_1_42' title="bbox 203 938 988 974">
     <span class='ocr_line' id='line_1_43' title="bbox 203 938 988 974; baseline -0.003 -8"><span class='ocrx_word' id='word_1_268' title='bbox 203 939 272 974; x_wconf 54' lang='lat' dir='ltr'><strong>vitae</strong></span> <span class='ocrx_word' id='word_1_269' title='bbox 286 940 376 974; x_wconf 88' lang='lat' dir='ltr'><strong>attigi.</strong></span> <span class='ocrx_word' id='word_1_270' title='bbox 393 940 484 973; x_wconf 85' lang='lat' dir='ltr'><strong>Quare</strong></span> <span class='ocrx_word' id='word_1_271' title='bbox 501 941 607 974; x_wconf 77' lang='lat' dir='ltr'><strong>signum</strong></span> <span class='ocrx_word' id='word_1_272' title='bbox 625 944 666 966; x_wconf 88' lang='lat' dir='ltr'><strong>est</strong></span> <span class='ocrx_word' id='word_1_273' title='bbox 683 939 751 966; x_wconf 85' lang='lat' dir='ltr'><strong>satis</strong></span> <span class='ocrx_word' id='word_1_274' title='bbox 766 938 879 965; x_wconf 87' lang='lat' dir='ltr'><strong>evidens</strong></span> <span class='ocrx_word' id='word_1_275' title='bbox 897 943 925 965; x_wconf 92' lang='lat' dir='ltr'><strong>et</strong></span> <span class='ocrx_word' id='word_1_276' title='bbox 945 939 988 965; x_wconf 90' lang='lat' dir='ltr'><strong>lu-</strong></span> 
     </span>
    </p>
   </div>
   <div class='ocr_carea' id='block_1_43' title="bbox 201 973 987 1010">
    <p class='ocr_par' dir='ltr' id='par_1_43' title="bbox 201 973 987 1010">
     <span class='ocr_line' id='line_1_44' title="bbox 201 973 987 1010; baseline 0 -10"><span class='ocrx_word' id='word_1_277' title='bbox 201 973 353 1006; x_wconf 78' lang='lat' dir='ltr'><strong>culentum,</strong></span> <span class='ocrx_word' id='word_1_278' title='bbox 374 975 433 1009; x_wconf 89' lang='lat' dir='ltr'><strong>ejus</strong></span> <span class='ocrx_word' id='word_1_279' title='bbox 447 983 508 1003; x_wconf 87' lang='lat' dir='ltr'><strong>esse</strong></span> <span class='ocrx_word' id='word_1_280' title='bbox 524 975 566 1002; x_wconf 89' lang='lat' dir='ltr'><strong>illa</strong></span> <span class='ocrx_word' id='word_1_281' title='bbox 589 975 691 1010; x_wconf 81' lang='lat' dir='ltr'><strong>Opera,</strong></span> <span class='ocrx_word' id='word_1_282' title='bbox 710 973 788 1007; x_wconf 83' lang='lat' dir='ltr'><strong>cujus</strong></span> <span class='ocrx_word' id='word_1_283' title='bbox 810 974 837 1000; x_wconf 95' lang='lat' dir='ltr'><strong>in</strong></span> <span class='ocrx_word' id='word_1_284' title='bbox 856 974 987 1000; x_wconf 80' lang='lat' dir='ltr'><strong>honorem</strong></span> 
     </span>
    </p>
   </div>
   <div class='ocr_carea' id='block_1_44' title="bbox 200 1014 443 1042">
    <p class='ocr_par' dir='ltr' id='par_1_44' title="bbox 200 1014 443 1042">
     <span class='ocr_line' id='line_1_45' title="bbox 200 1014 443 1042; baseline 0.008 -7"><span class='ocrx_word' id='word_1_285' title='bbox 200 1016 232 1036; x_wconf 85' lang='lat' dir='ltr'><strong>ea</strong></span> <span class='ocrx_word' id='word_1_286' title='bbox 247 1014 354 1042; x_wconf 85' lang='lat' dir='ltr'><strong>patrata</strong></span> <span class='ocrx_word' id='word_1_287' title='bbox 369 1016 443 1037; x_wconf 88' lang='lat' dir='ltr'><strong>sunt.</strong></span> 
     </span>
    </p>
   </div>
   <div class='ocr_carea' id='block_1_45' title="bbox 238 1042 988 1079">
    <p class='ocr_par' dir='ltr' id='par_1_45' title="bbox 238 1042 988 1079">
     <span class='ocr_line' id='line_1_46' title="bbox 238 1042 988 1079; baseline 0 -9"><span class='ocrx_word' id='word_1_288' title='bbox 238 1045 350 1071; x_wconf 85' lang='lat' dir='ltr'><strong>Sextum</strong></span> <span class='ocrx_word' id='word_1_289' title='bbox 364 1046 483 1079; x_wconf 87' lang='lat' dir='ltr'><strong>denique</strong></span> <span class='ocrx_word' id='word_1_290' title='bbox 498 1051 525 1073; x_wconf 88' lang='lat' dir='ltr'><strong>et</strong></span> <span class='ocrx_word' id='word_1_291' title='bbox 541 1049 636 1072; x_wconf 83' lang='lat' dir='ltr'><strong>contra</strong></span> <span class='ocrx_word' id='word_1_292' title='bbox 654 1042 830 1070; x_wconf 82' lang='lat' dir='ltr'><strong>adversarios</strong></span> <span class='ocrx_word' id='word_1_293' title='bbox 846 1043 925 1078; x_wconf 79' lang='lat' dir='ltr'><strong>longe</strong></span> <span class='ocrx_word' id='word_1_294' title='bbox 941 1052 988 1070; x_wconf 92' lang='lat' dir='ltr'><strong>va-</strong></span> 
     </span>
    </p>
   </div>
   <div class='ocr_carea' id='block_1_46' title="bbox 202 1078 986 1115">
    <p class='ocr_par' dir='ltr' id='par_1_46' title="bbox 202 1078 986 1115">
     <span class='ocr_line' id='line_1_47' title="bbox 202 1078 986 1115; baseline 0.001 -10"><span class='ocrx_word' id='word_1_295' title='bbox 202 1078 365 1115; x_wconf 80' lang='lat' dir='ltr'><strong>lidissimum</strong></span> <span class='ocrx_word' id='word_1_296' title='bbox 389 1085 580 1115; x_wconf 78' lang='lat' dir='ltr'><strong>argumentum</strong></span> <span class='ocrx_word' id='word_1_297' title='bbox 604 1084 647 1106; x_wconf 83' lang='lat' dir='ltr'><strong>est</strong></span> <span class='ocrx_word' id='word_1_298' title='bbox 670 1078 825 1115; x_wconf 59' lang='lat' dir='ltr'><strong>ejusmodi;</strong></span> <span class='ocrx_word' id='word_1_299' title='bbox 845 1079 878 1115; x_wconf 85' lang='lat' dir='ltr'><strong>_Si</strong></span> <span class='ocrx_word' id='word_1_300' title='bbox 898 1079 986 1115; x_wconf 70' lang='lat' dir='ltr'><strong>Opera</strong></span> 
     </span>
    </p>
   </div>
   <div class='ocr_carea' id='block_1_47' title="bbox 201 1112 988 1151">
    <p class='ocr_par' dir='ltr' id='par_1_47' title="bbox 201 1112 988 1151">
     <span class='ocr_line' id='line_1_48' title="bbox 201 1112 988 1151; baseline 0 -11"><span class='ocrx_word' id='word_1_301' title='bbox 201 1114 246 1151; x_wconf 76' lang='lat' dir='ltr'><strong>illa</strong></span> <span class='ocrx_word' id='word_1_302' title='bbox 264 1122 316 1151; x_wconf 79' lang='lat' dir='ltr'><strong>non</strong></span> <span class='ocrx_word' id='word_1_303' title='bbox 331 1115 385 1142; x_wconf 88' lang='lat' dir='ltr'><strong>sint</strong></span> <span class='ocrx_word' id='word_1_304' title='bbox 399 1112 520 1151; x_wconf 71' lang='lat' dir='ltr'><strong>Dionysii</strong></span> <span class='ocrx_word' id='word_1_305' title='bbox 537 1113 829 1151; x_wconf 9' lang='lat' dir='ltr'><strong>Areopagitazqqniﬂl&#39;uit</strong></span> <span class='ocrx_word' id='word_1_306' title='bbox 845 1112 928 1151; x_wconf 76' lang='lat' dir='ltr'><strong>Pauli</strong></span> <span class='ocrx_word' id='word_1_307' title='bbox 944 1112 988 1151; x_wconf 80' lang='lat' dir='ltr'><strong>di-</strong></span> 
     </span>
    </p>
   </div>
   <div class='ocr_carea' id='block_1_48' title="bbox 198 1147 988 1184">
    <p class='ocr_par' dir='ltr' id='par_1_48' title="bbox 198 1147 988 1184">
     <span class='ocr_line' id='line_1_49' title="bbox 198 1147 988 1184; baseline 0.003 -10"><span class='ocrx_word' id='word_1_308' title='bbox 198 1148 332 1184; x_wconf 79' lang='lat' dir='ltr'><strong>scipulus,</strong></span> <span class='ocrx_word' id='word_1_309' title='bbox 344 1151 391 1177; x_wconf 91' lang='lat' dir='ltr'><strong>scd</strong></span> <span class='ocrx_word' id='word_1_310' title='bbox 408 1147 521 1178; x_wconf 75' lang='lat' dir='ltr'><strong>alterius</strong></span> <span class='ocrx_word' id='word_1_311' title='bbox 543 1147 675 1184; x_wconf 77' lang='lat' dir='ltr'><strong>Dionysii,</strong></span> <span class='ocrx_word' id='word_1_312' title='bbox 694 1148 752 1175; x_wconf 86' lang='lat' dir='ltr'><strong>sive</strong></span> <span class='ocrx_word' id='word_1_313' title='bbox 765 1147 914 1178; x_wconf 80' lang='lat' dir='ltr'><strong>Corinthii.</strong></span> <span class='ocrx_word' id='word_1_314' title='bbox 930 1149 988 1176; x_wconf 87' lang='lat' dir='ltr'><strong>sive</strong></span> 
     </span>
    </p>
   </div>
   <div class='ocr_carea' id='block_1_49' title="bbox 199 1183 984 1219">
    <p class='ocr_par' dir='ltr' id='par_1_49' title="bbox 199 1183 984 1219">
     <span class='ocr_line' id='line_1_50' title="bbox 199 1183 984 1219; baseline 0 -9"><span class='ocrx_word' id='word_1_315' title='bbox 199 1183 388 1219; x_wconf 43' lang='lat' dir='ltr'><strong>alexandrini,</strong></span> <span class='ocrx_word' id='word_1_316' title='bbox 403 1186 462 1212; x_wconf 87' lang='lat' dir='ltr'><strong>sive</strong></span> <span class='ocrx_word' id='word_1_317' title='bbox 474 1185 590 1213; x_wconf 87' lang='lat' dir='ltr'><strong>alterius</strong></span> <span class='ocrx_word' id='word_1_318' title='bbox 604 1183 792 1219; x_wconf 76' lang='lat' dir='ltr'><strong>cujuscunque</strong></span> <span class='ocrx_word' id='word_1_319' title='bbox 806 1184 984 1217; x_wconf 83' lang='lat' dir='ltr'><strong>posterioris;</strong></span> 
     </span>
    </p>
   </div>
   <div class='ocr_carea' id='block_1_50' title="bbox 201 1218 987 1253">
    <p class='ocr_par' dir='ltr' id='par_1_50' title="bbox 201 1218 987 1253">
     <span class='ocr_line' id='line_1_51' title="bbox 201 1218 987 1253; baseline 0 -8"><span class='ocrx_word' id='word_1_320' title='bbox 201 1218 282 1246; x_wconf 77' lang='lat' dir='ltr'><strong>fateri</strong></span> <span class='ocrx_word' id='word_1_321' title='bbox 297 1227 411 1247; x_wconf 82' lang='lat' dir='ltr'><strong>necesse</strong></span> <span class='ocrx_word' id='word_1_322' title='bbox 427 1227 468 1248; x_wconf 86' lang='lat' dir='ltr'><strong>est</strong></span> <span class='ocrx_word' id='word_1_323' title='bbox 486 1221 592 1248; x_wconf 88' lang='lat' dir='ltr'><strong>illornrn</strong></span> <span class='ocrx_word' id='word_1_324' title='bbox 611 1218 751 1246; x_wconf 80' lang='lat' dir='ltr'><strong>auctorem</strong></span> <span class='ocrx_word' id='word_1_325' title='bbox 769 1218 899 1253; x_wconf 72' lang='lat' dir='ltr'><strong>Operum,</strong></span> <span class='ocrx_word' id='word_1_326' title='bbox 915 1220 987 1253; x_wconf 75' lang='lat' dir='ltr'><strong>quis—</strong></span> 
     </span>
    </p>
   </div>
   <div class='ocr_carea' id='block_1_51' title="bbox 200 1251 987 1290">
    <p class='ocr_par' dir='ltr' id='par_1_51' title="bbox 200 1251 987 1290">
     <span class='ocr_line' id='line_1_52' title="bbox 200 1251 987 1290; baseline 0.001 -10"><span class='ocrx_word' id='word_1_327' title='bbox 200 1254 392 1290; x_wconf 30' lang='lat' dir='ltr'><strong>quisndemum</strong></span> <span class='ocrx_word' id='word_1_328' title='bbox 414 1255 505 1287; x_wconf 86' lang='lat' dir='ltr'><strong>fuerit,</strong></span> <span class='ocrx_word' id='word_1_329' title='bbox 528 1256 636 1290; x_wconf 89' lang='lat' dir='ltr'><strong>plenum</strong></span> <span class='ocrx_word' id='word_1_330' title='bbox 658 1251 804 1285; x_wconf 77' lang='lat' dir='ltr'><strong>mendacii,</strong></span> <span class='ocrx_word' id='word_1_331' title='bbox 819 1251 935 1280; x_wconf 66' lang='lat' dir='ltr'><strong>fallacia}</strong></span> <span class='ocrx_word' id='word_1_332' title='bbox 958 1260 987 1281; x_wconf 92' lang='lat' dir='ltr'><strong>ct</strong></span> 
     </span>
    </p>
   </div>
   <div class='ocr_carea' id='block_1_52' title="bbox 200 1289 705 1323">
    <p class='ocr_par' dir='ltr' id='par_1_52' title="bbox 200 1289 705 1323">
     <span class='ocr_line' id='line_1_53' title="bbox 200 1289 705 1323; baseline -0.004 -7"><span class='ocrx_word' id='word_1_333' title='bbox 200 1289 343 1323; x_wconf 65' lang='lat' dir='ltr'><strong>sacrilegae</strong></span> <span class='ocrx_word' id='word_1_334' title='bbox 360 1289 544 1318; x_wconf 82' lang='lat' dir='ltr'><strong>simulationis</strong></span> <span class='ocrx_word' id='word_1_335' title='bbox 554 1290 705 1316; x_wconf 53' lang='lat' dir='ltr'><strong>exsiluisse.</strong></span> 
     </span>
    </p>
   </div>
   <div class='ocr_carea' id='block_1_53' title="bbox 235 1322 982 1359">
    <p class='ocr_par' dir='ltr' id='par_1_53' title="bbox 235 1322 982 1359">
     <span class='ocr_line' id='line_1_54' title="bbox 235 1322 982 1359; baseline 0.001 -10"><span class='ocrx_word' id='word_1_336' title='bbox 235 1323 318 1359; x_wconf 81' lang='lat' dir='ltr'><strong>Atqui</strong></span> <span class='ocrx_word' id='word_1_337' title='bbox 341 1325 391 1352; x_wconf 81' lang='lat' dir='ltr'><strong>hoc</strong></span> <span class='ocrx_word' id='word_1_338' title='bbox 407 1326 519 1353; x_wconf 88' lang='lat' dir='ltr'><strong>tninimc</strong></span> <span class='ocrx_word' id='word_1_339' title='bbox 534 1325 587 1353; x_wconf 91' lang='lat' dir='ltr'><strong>dici</strong></span> <span class='ocrx_word' id='word_1_340' title='bbox 605 1328 704 1359; x_wconf 79' lang='lat' dir='ltr'><strong>potest,</strong></span> <span class='ocrx_word' id='word_1_341' title='bbox 723 1322 835 1359; x_wconf 86' lang='lat' dir='ltr'><strong>minime</strong></span> <span class='ocrx_word' id='word_1_342' title='bbox 850 1323 982 1359; x_wconf 80' lang='lat' dir='ltr'><strong>gentium.</strong></span> 
     </span>
    </p>
   </div>
   <div class='ocr_carea' id='block_1_54' title="bbox 200 1357 984 1394">
    <p class='ocr_par' dir='ltr' id='par_1_54' title="bbox 200 1357 984 1394">
     <span class='ocr_line' id='line_1_55' title="bbox 200 1357 984 1394; baseline -0.001 -10"><span class='ocrx_word' id='word_1_343' title='bbox 200 1357 268 1385; x_wconf 88' lang='lat' dir='ltr'><strong>Nam</strong></span> <span class='ocrx_word' id='word_1_344' title='bbox 281 1357 388 1393; x_wconf 68' lang='lat' dir='ltr'><strong>scripta</strong></span> <span class='ocrx_word' id='word_1_345' title='bbox 413 1361 457 1388; x_wconf 85' lang='lat' dir='ltr'><strong>illa</strong></span> <span class='ocrx_word' id='word_1_346' title='bbox 479 1368 583 1388; x_wconf 89' lang='lat' dir='ltr'><strong>meram</strong></span> <span class='ocrx_word' id='word_1_347' title='bbox 602 1357 713 1394; x_wconf 71' lang='lat' dir='ltr'><strong>sapiunt</strong></span> <span class='ocrx_word' id='word_1_348' title='bbox 729 1362 757 1394; x_wconf 68' lang='lat' dir='ltr'><strong>et</strong></span> <span class='ocrx_word' id='word_1_349' title='bbox 774 1357 880 1390; x_wconf 85' lang='lat' dir='ltr'><strong>spirant</strong></span> <span class='ocrx_word' id='word_1_350' title='bbox 895 1358 984 1393; x_wconf 85' lang='lat' dir='ltr'><strong>pieta-</strong></span> 
     </span>
    </p>
   </div>
   <div class='ocr_carea' id='block_1_55' title="bbox 200 1393 984 1429">
    <p class='ocr_par' dir='ltr' id='par_1_55' title="bbox 200 1393 984 1429">
     <span class='ocr_line' id='line_1_56' title="bbox 200 1393 984 1429; baseline 0 -10"><span class='ocrx_word' id='word_1_351' title='bbox 200 1398 265 1429; x_wconf 73' lang='lat' dir='ltr'><strong>tem,</strong></span> <span class='ocrx_word' id='word_1_352' title='bbox 279 1394 451 1427; x_wconf 86' lang='lat' dir='ltr'><strong>modestiam,</strong></span> <span class='ocrx_word' id='word_1_353' title='bbox 471 1393 645 1429; x_wconf 76' lang='lat' dir='ltr'><strong>gravitatem,</strong></span> <span class='ocrx_word' id='word_1_354' title='bbox 659 1393 879 1429; x_wconf 83' lang='lat' dir='ltr'><strong>sanctimoniam,</strong></span> <span class='ocrx_word' id='word_1_355' title='bbox 898 1400 984 1427; x_wconf 88' lang='lat' dir='ltr'><strong>neque</strong></span> 
     </span>
    </p>
   </div>
   <div class='ocr_carea' id='block_1_56' title="bbox 199 1428 985 1463">
    <p class='ocr_par' dir='ltr' id='par_1_56' title="bbox 199 1428 985 1463">
     <span class='ocr_line' id='line_1_57' title="bbox 199 1428 985 1463; baseline 0.001 -9"><span class='ocrx_word' id='word_1_356' title='bbox 199 1428 284 1455; x_wconf 92' lang='lat' dir='ltr'><strong>ullum</strong></span> <span class='ocrx_word' id='word_1_357' title='bbox 305 1436 416 1463; x_wconf 83' lang='lat' dir='ltr'><strong>prorsus</strong></span> <span class='ocrx_word' id='word_1_358' title='bbox 429 1431 471 1459; x_wconf 87' lang='lat' dir='ltr'><strong>vel</strong></span> <span class='ocrx_word' id='word_1_359' title='bbox 494 1431 636 1458; x_wconf 87' lang='lat' dir='ltr'><strong>rnininuun</strong></span> <span class='ocrx_word' id='word_1_360' title='bbox 651 1434 698 1456; x_wconf 88' lang='lat' dir='ltr'><strong>aut</strong></span> <span class='ocrx_word' id='word_1_361' title='bbox 712 1428 807 1455; x_wconf 86' lang='lat' dir='ltr'><strong>lcvitat</strong></span> <span class='ocrx_word' id='word_1_362' title='bbox 819 1435 832 1455; x_wconf 93' lang='lat' dir='ltr'><strong>s</strong></span> <span class='ocrx_word' id='word_1_363' title='bbox 847 1432 893 1454; x_wconf 86' lang='lat' dir='ltr'><strong>aut</strong></span> <span class='ocrx_word' id='word_1_364' title='bbox 908 1429 985 1455; x_wconf 87' lang='lat' dir='ltr'><strong>vani-</strong></span> 
     </span>
    </p>
   </div>
   <div class='ocr_carea' id='block_1_57' title="bbox 199 1463 983 1498">
    <p class='ocr_par' dir='ltr' id='par_1_57' title="bbox 199 1463 983 1498">
     <span class='ocr_line' id='line_1_58' title="bbox 199 1463 983 1498; baseline 0.001 -9"><span class='ocrx_word' id='word_1_365' title='bbox 199 1463 264 1498; x_wconf 71' lang='lat' dir='ltr'><strong>tatis</strong></span> <span class='ocrx_word' id='word_1_366' title='bbox 284 1464 354 1498; x_wconf 65' lang='lat' dir='ltr'><strong>(qua:</strong></span> <span class='ocrx_word' id='word_1_367' title='bbox 375 1466 469 1494; x_wconf 85' lang='lat' dir='ltr'><strong>abesse</strong></span> <span class='ocrx_word' id='word_1_368' title='bbox 488 1474 502 1493; x_wconf 87' lang='lat' dir='ltr'><strong>a</strong></span> <span class='ocrx_word' id='word_1_369' title='bbox 527 1466 672 1492; x_wconf 79' lang='lat' dir='ltr'><strong>fallacibus</strong></span> <span class='ocrx_word' id='word_1_370' title='bbox 693 1463 767 1490; x_wconf 86' lang='lat' dir='ltr'><strong>haud</strong></span> <span class='ocrx_word' id='word_1_371' title='bbox 789 1464 913 1498; x_wconf 85' lang='lat' dir='ltr'><strong>possunt)</strong></span> <span class='ocrx_word' id='word_1_372' title='bbox 935 1471 983 1490; x_wconf 88' lang='lat' dir='ltr'><strong>sett</strong></span> 
     </span>
    </p>
   </div>
   <div class='ocr_carea' id='block_1_58' title="bbox 197 1497 983 1533">
    <p class='ocr_par' dir='ltr' id='par_1_58' title="bbox 197 1497 983 1533">
     <span class='ocr_line' id='line_1_59' title="bbox 197 1497 983 1533; baseline -0.003 -6"><span class='ocrx_word' id='word_1_373' title='bbox 197 1497 309 1525; x_wconf 75' lang='lat' dir='ltr'><strong>fumum</strong></span> <span class='ocrx_word' id='word_1_374' title='bbox 319 1507 366 1527; x_wconf 87' lang='lat' dir='ltr'><strong>seu</strong></span> <span class='ocrx_word' id='word_1_375' title='bbox 383 1500 476 1528; x_wconf 73' lang='lat' dir='ltr'><strong>ﬁltlllm</strong></span> <span class='ocrx_word' id='word_1_376' title='bbox 491 1501 623 1529; x_wconf 77' lang='lat' dir='ltr'><strong>redolent.</strong></span> <span class='ocrx_word' id='word_1_377' title='bbox 639 1500 678 1527; x_wconf 88' lang='lat' dir='ltr'><strong>tta</strong></span> <span class='ocrx_word' id='word_1_378' title='bbox 693 1505 760 1525; x_wconf 80' lang='lat' dir='ltr'><strong>sane</strong></span> <span class='ocrx_word' id='word_1_379' title='bbox 775 1499 893 1532; x_wconf 82' lang='lat' dir='ltr'><strong>reperiet</strong></span> <span class='ocrx_word' id='word_1_380' title='bbox 905 1497 983 1533; x_wconf 80' lang='lat' dir='ltr'><strong>quis-</strong></span> 
     </span>
    </p>
   </div>
   <div class='ocr_carea' id='block_1_59' title="bbox 199 1533 981 1569">
    <p class='ocr_par' dir='ltr' id='par_1_59' title="bbox 199 1533 981 1569">
     <span class='ocr_line' id='line_1_60' title="bbox 199 1533 981 1569; baseline 0.003 -10"><span class='ocrx_word' id='word_1_381' title='bbox 199 1534 261 1569; x_wconf 85' lang='lat' dir='ltr'><strong>quis</strong></span> <span class='ocrx_word' id='word_1_382' title='bbox 281 1533 324 1561; x_wconf 88' lang='lat' dir='ltr'><strong>illa</strong></span> <span class='ocrx_word' id='word_1_383' title='bbox 339 1537 490 1569; x_wconf 86' lang='lat' dir='ltr'><strong>composito</strong></span> <span class='ocrx_word' id='word_1_384' title='bbox 505 1537 654 1569; x_wconf 85' lang='lat' dir='ltr'><strong>sedatoque</strong></span> <span class='ocrx_word' id='word_1_385' title='bbox 673 1534 764 1560; x_wconf 91' lang='lat' dir='ltr'><strong>animo</strong></span> <span class='ocrx_word' id='word_1_386' title='bbox 783 1533 921 1568; x_wconf 75' lang='lat' dir='ltr'><strong>perlegere</strong></span> <span class='ocrx_word' id='word_1_387' title='bbox 935 1541 981 1561; x_wconf 84' lang='lat' dir='ltr'><strong>vo-</strong></span> 
     </span>
    </p>
   </div>
   <div class='ocr_carea' id='block_1_60' title="bbox 1042 938 1827 974">
    <p class='ocr_par' dir='ltr' id='par_1_60' title="bbox 1042 938 1827 974">
     <span class='ocr_line' id='line_1_61' title="bbox 1042 938 1827 974; baseline -0.005 -8"><span class='ocrx_word' id='word_1_388' title='bbox 1042 939 1086 966; x_wconf 92' lang='lat' dir='ltr'><strong>hic</strong></span> <span class='ocrx_word' id='word_1_389' title='bbox 1101 938 1172 967; x_wconf 87' lang='lat' dir='ltr'><strong>liber</strong></span> <span class='ocrx_word' id='word_1_390' title='bbox 1186 938 1387 974; x_wconf 87' lang='lat' dir='ltr'><strong>complectitur,</strong></span> <span class='ocrx_word' id='word_1_391' title='bbox 1400 938 1547 972; x_wconf 88' lang='lat' dir='ltr'><strong>descriptio</strong></span> <span class='ocrx_word' id='word_1_392' title='bbox 1559 943 1622 965; x_wconf 90' lang='lat' dir='ltr'><strong>sunt</strong></span> <span class='ocrx_word' id='word_1_393' title='bbox 1634 938 1827 974; x_wconf 82' lang='lat' dir='ltr'><strong>traditionum,</strong></span> 
     </span>
    </p>
   </div>
   <div class='ocr_carea' id='block_1_61' title="bbox 1040 972 1824 1009">
    <p class='ocr_par' dir='ltr' id='par_1_61' title="bbox 1040 972 1824 1009">
     <span class='ocr_line' id='line_1_62' title="bbox 1040 972 1824 1009; baseline -0.001 -8"><span class='ocrx_word' id='word_1_394' title='bbox 1040 982 1100 1008; x_wconf 65' lang='lat' dir='ltr'><strong>qua:</strong></span> <span class='ocrx_word' id='word_1_395' title='bbox 1116 975 1214 1001; x_wconf 85' lang='lat' dir='ltr'><strong>sensim</strong></span> <span class='ocrx_word' id='word_1_396' title='bbox 1231 972 1256 1001; x_wconf 79' lang='lat' dir='ltr'><strong>iri</strong></span> <span class='ocrx_word' id='word_1_397' title='bbox 1269 975 1390 1002; x_wconf 77' lang='lat' dir='ltr'><strong>Ecclesia</strong></span> <span class='ocrx_word' id='word_1_398' title='bbox 1403 978 1464 1009; x_wconf 88' lang='lat' dir='ltr'><strong>post</strong></span> <span class='ocrx_word' id='word_1_399' title='bbox 1479 974 1505 1001; x_wconf 92' lang='lat' dir='ltr'><strong>id</strong></span> <span class='ocrx_word' id='word_1_400' title='bbox 1519 977 1624 1009; x_wconf 83' lang='lat' dir='ltr'><strong>tempus</strong></span> <span class='ocrx_word' id='word_1_401' title='bbox 1638 972 1824 1000; x_wconf 83' lang='lat' dir='ltr'><strong>invaluerum.</strong></span> 
     </span>
    </p>
   </div>
   <div class='ocr_carea' id='block_1_62' title="bbox 1040 1008 1827 1042">
    <p class='ocr_par' dir='ltr' id='par_1_62' title="bbox 1040 1008 1827 1042">
     <span class='ocr_line' id='line_1_63' title="bbox 1040 1008 1827 1042; baseline -0.001 -6"><span class='ocrx_word' id='word_1_402' title='bbox 1040 1009 1202 1037; x_wconf 84' lang='lat' dir='ltr'><strong>incredibile</strong></span> <span class='ocrx_word' id='word_1_403' title='bbox 1216 1011 1362 1042; x_wconf 83' lang='lat' dir='ltr'><strong>estigitur,</strong></span> <span class='ocrx_word' id='word_1_404' title='bbox 1378 1008 1431 1036; x_wconf 86' lang='lat' dir='ltr'><strong>imo</strong></span> <span class='ocrx_word' id='word_1_405' title='bbox 1445 1009 1515 1036; x_wconf 89' lang='lat' dir='ltr'><strong>male</strong></span> <span class='ocrx_word' id='word_1_406' title='bbox 1530 1008 1689 1039; x_wconf 85' lang='lat' dir='ltr'><strong>conlictum,</strong></span> <span class='ocrx_word' id='word_1_407' title='bbox 1705 1015 1752 1034; x_wconf 89' lang='lat' dir='ltr'><strong>eas</strong></span> <span class='ocrx_word' id='word_1_408' title='bbox 1765 1015 1827 1041; x_wconf 73' lang='lat' dir='ltr'><strong>qua:</strong></span> 
     </span>
    </p>
   </div>
   <div class='ocr_carea' id='block_1_63' title="bbox 1038 1044 1826 1080">
    <p class='ocr_par' dir='ltr' id='par_1_63' title="bbox 1038 1044 1826 1080">
     <span class='ocr_line' id='line_1_64' title="bbox 1038 1044 1826 1080; baseline -0.003 -9"><span class='ocrx_word' id='word_1_409' title='bbox 1038 1044 1084 1071; x_wconf 86' lang='lat' dir='ltr'><strong>diu</strong></span> <span class='ocrx_word' id='word_1_410' title='bbox 1100 1049 1160 1080; x_wconf 86' lang='lat' dir='ltr'><strong>post</strong></span> <span class='ocrx_word' id='word_1_411' title='bbox 1174 1046 1263 1078; x_wconf 74' lang='lat' dir='ltr'><strong>magni</strong></span> <span class='ocrx_word' id='word_1_412' title='bbox 1282 1045 1402 1079; x_wconf 89' lang='lat' dir='ltr'><strong>Dionysii</strong></span> <span class='ocrx_word' id='word_1_413' title='bbox 1428 1049 1542 1071; x_wconf 87' lang='lat' dir='ltr'><strong>mortem</strong></span> <span class='ocrx_word' id='word_1_414' title='bbox 1559 1048 1755 1080; x_wconf 82' lang='lat' dir='ltr'><strong>succreverunt</strong></span> <span class='ocrx_word' id='word_1_415' title='bbox 1769 1048 1826 1069; x_wconf 88' lang='lat' dir='ltr'><strong>tra-</strong></span> 
     </span>
    </p>
   </div>
   <div class='ocr_carea' id='block_1_64' title="bbox 1040 1079 1715 1115">
    <p class='ocr_par' dir='ltr' id='par_1_64' title="bbox 1040 1079 1715 1115">
     <span class='ocr_line' id='line_1_65' title="bbox 1040 1079 1715 1115; baseline -0.003 -10"><span class='ocrx_word' id='word_1_416' title='bbox 1040 1079 1166 1112; x_wconf 85' lang='lat' dir='ltr'><strong>ditiones,</strong></span> <span class='ocrx_word' id='word_1_417' title='bbox 1184 1081 1345 1108; x_wconf 80' lang='lat' dir='ltr'><strong>existimare</strong></span> <span class='ocrx_word' id='word_1_418' title='bbox 1360 1088 1375 1107; x_wconf 86' lang='lat' dir='ltr'><strong>a</strong></span> <span class='ocrx_word' id='word_1_419' title='bbox 1392 1080 1520 1115; x_wconf 86' lang='lat' dir='ltr'><strong>Dionysio</strong></span> <span class='ocrx_word' id='word_1_420' title='bbox 1536 1079 1715 1111; x_wconf 88' lang='lat' dir='ltr'><strong>conscriptas.</strong></span> 
     </span>
    </p>
   </div>
   <div class='ocr_carea' id='block_1_65' title="bbox 1073 1113 1826 1148">
    <p class='ocr_par' dir='ltr' id='par_1_65' title="bbox 1073 1113 1826 1148">
     <span class='ocr_line' id='line_1_66' title="bbox 1073 1113 1826 1148; baseline -0.003 -7"><span class='ocrx_word' id='word_1_421' title='bbox 1073 1114 1217 1148; x_wconf 86' lang='lat' dir='ltr'><strong>Quartum.</strong></span> <span class='ocrx_word' id='word_1_422' title='bbox 1243 1115 1382 1148; x_wconf 85' lang='lat' dir='ltr'><strong>Quomodo</strong></span> <span class='ocrx_word' id='word_1_423' title='bbox 1405 1113 1544 1142; x_wconf 63' lang='lat' dir='ltr'><strong>hic&#39;liber</strong></span> <span class='ocrx_word' id='word_1_424' title='bbox 1567 1114 1732 1139; x_wconf 83' lang='lat' dir='ltr'><strong>mentionem</strong></span> <span class='ocrx_word' id='word_1_425' title='bbox 1758 1113 1826 1140; x_wconf 84' lang='lat' dir='ltr'><strong>facit</strong></span> 
     </span>
    </p>
   </div>
   <div class='ocr_carea' id='block_1_66' title="bbox 1038 1148 1824 1186">
    <p class='ocr_par' dir='ltr' id='par_1_66' title="bbox 1038 1148 1824 1186">
     <span class='ocr_line' id='line_1_67' title="bbox 1038 1148 1824 1186; baseline -0.001 -10"><span class='ocrx_word' id='word_1_426' title='bbox 1038 1150 1161 1186; x_wconf 62' lang='lat' dir='ltr'><strong>cpistola:</strong></span> <span class='ocrx_word' id='word_1_427' title='bbox 1184 1151 1270 1177; x_wconf 84' lang='lat' dir='ltr'><strong>sancti</strong></span> <span class='ocrx_word' id='word_1_428' title='bbox 1291 1150 1405 1186; x_wconf 80' lang='lat' dir='ltr'><strong>Ignatii?</strong></span> <span class='ocrx_word' id='word_1_429' title='bbox 1426 1150 1493 1186; x_wconf 85' lang='lat' dir='ltr'><strong>Nam</strong></span> <span class='ocrx_word' id='word_1_430' title='bbox 1517 1148 1663 1186; x_wconf 84' lang='lat' dir='ltr'><strong>Dionysius</strong></span> <span class='ocrx_word' id='word_1_431' title='bbox 1681 1149 1824 1186; x_wconf 55' lang='lat' dir='ltr'><strong>apostolo-</strong></span> 
     </span>
    </p>
   </div>
   <div class='ocr_carea' id='block_1_67' title="bbox 1038 1182 1825 1220">
    <p class='ocr_par' dir='ltr' id='par_1_67' title="bbox 1038 1182 1825 1220">
     <span class='ocr_line' id='line_1_68' title="bbox 1038 1182 1825 1220; baseline -0.001 -9"><span class='ocrx_word' id='word_1_432' title='bbox 1038 1182 1098 1211; x_wconf 83' lang='lat' dir='ltr'><strong>rum</strong></span> <span class='ocrx_word' id='word_1_433' title='bbox 1114 1185 1232 1213; x_wconf 79' lang='lat' dir='ltr'><strong>efﬂoruit</strong></span> <span class='ocrx_word' id='word_1_434' title='bbox 1247 1182 1432 1220; x_wconf 76' lang='lat' dir='ltr'><strong>temporibus;</strong></span> <span class='ocrx_word' id='word_1_435' title='bbox 1450 1184 1569 1220; x_wconf 86' lang='lat' dir='ltr'><strong>lgnatins</strong></span> <span class='ocrx_word' id='word_1_436' title='bbox 1582 1182 1674 1220; x_wconf 76' lang='lat' dir='ltr'><strong>autem</strong></span> <span class='ocrx_word' id='word_1_437' title='bbox 1689 1183 1740 1210; x_wconf 90' lang='lat' dir='ltr'><strong>sub</strong></span> <span class='ocrx_word' id='word_1_438' title='bbox 1754 1182 1825 1210; x_wconf 86' lang='lat' dir='ltr'><strong>Tra-</strong></span> 
     </span>
    </p>
   </div>
   <div class='ocr_carea' id='block_1_68' title="bbox 1034 1218 1824 1256">
    <p class='ocr_par' dir='ltr' id='par_1_68' title="bbox 1034 1218 1824 1256">
     <span class='ocr_line' id='line_1_69' title="bbox 1034 1218 1824 1256; baseline -0.001 -10"><span class='ocrx_word' id='word_1_439' title='bbox 1034 1219 1100 1254; x_wconf 87' lang='lat' dir='ltr'><strong>jano</strong></span> <span class='ocrx_word' id='word_1_440' title='bbox 1122 1222 1248 1256; x_wconf 89' lang='lat' dir='ltr'><strong>martyrii</strong></span> <span class='ocrx_word' id='word_1_441' title='bbox 1275 1218 1413 1248; x_wconf 77' lang='lat' dir='ltr'><strong>certamen</strong></span> <span class='ocrx_word' id='word_1_442' title='bbox 1435 1218 1595 1256; x_wconf 62' lang='lat' dir='ltr'><strong>tle&#39;certavit.</strong></span> <span class='ocrx_word' id='word_1_443' title='bbox 1617 1218 1719 1256; x_wconf 61' lang='lat' dir='ltr'><strong>Quiet</strong></span> <span class='ocrx_word' id='word_1_444' title='bbox 1741 1220 1824 1252; x_wconf 87' lang='lat' dir='ltr'><strong>paulo</strong></span> 
     </span>
    </p>
   </div>
   <div class='ocr_carea' id='block_1_69' title="bbox 1036 1253 1823 1290">
    <p class='ocr_par' dir='ltr' id='par_1_69' title="bbox 1036 1253 1823 1290">
     <span class='ocr_line' id='line_1_70' title="bbox 1036 1253 1823 1290; baseline 0 -10"><span class='ocrx_word' id='word_1_445' title='bbox 1036 1253 1100 1282; x_wconf 84' lang='lat' dir='ltr'><strong>ante</strong></span> <span class='ocrx_word' id='word_1_446' title='bbox 1125 1253 1237 1283; x_wconf 76' lang='lat' dir='ltr'><strong>mortem</strong></span> <span class='ocrx_word' id='word_1_447' title='bbox 1254 1256 1396 1290; x_wconf 78' lang='lat' dir='ltr'><strong>epistolam</strong></span> <span class='ocrx_word' id='word_1_448' title='bbox 1414 1255 1497 1287; x_wconf 85' lang='lat' dir='ltr'><strong>illam,</strong></span> <span class='ocrx_word' id='word_1_449' title='bbox 1519 1254 1597 1286; x_wconf 88' lang='lat' dir='ltr'><strong>cujus</strong></span> <span class='ocrx_word' id='word_1_450' title='bbox 1617 1254 1661 1280; x_wconf 90' lang='lat' dir='ltr'><strong>hic</strong></span> <span class='ocrx_word' id='word_1_451' title='bbox 1678 1253 1747 1290; x_wconf 73' lang='lat' dir='ltr'><strong>liber</strong></span> <span class='ocrx_word' id='word_1_452' title='bbox 1765 1261 1823 1290; x_wconf 81' lang='lat' dir='ltr'><strong>me-</strong></span> 
     </span>
    </p>
   </div>
   <div class='ocr_carea' id='block_1_70' title="bbox 1037 1287 1821 1324">
    <p class='ocr_par' dir='ltr' id='par_1_70' title="bbox 1037 1287 1821 1324">
     <span class='ocr_line' id='line_1_71' title="bbox 1037 1287 1821 1324; baseline 0.001 -10"><span class='ocrx_word' id='word_1_453' title='bbox 1037 1290 1126 1320; x_wconf 84' lang='lat' dir='ltr'><strong>minit.</strong></span> <span class='ocrx_word' id='word_1_454' title='bbox 1143 1287 1317 1324; x_wconf 69' lang='lat' dir='ltr'><strong>conscripsit.</strong></span> <span class='ocrx_word' id='word_1_455' title='bbox 1336 1290 1398 1318; x_wconf 63' lang='lat' dir='ltr'><strong>Haec</strong></span> <span class='ocrx_word' id='word_1_456' title='bbox 1420 1295 1483 1317; x_wconf 90' lang='lat' dir='ltr'><strong>sunt</strong></span> <span class='ocrx_word' id='word_1_457' title='bbox 1499 1293 1615 1324; x_wconf 88' lang='lat' dir='ltr'><strong>quatuor</strong></span> <span class='ocrx_word' id='word_1_458' title='bbox 1631 1287 1821 1322; x_wconf 84' lang='lat' dir='ltr'><strong>antiquissima</strong></span> 
     </span>
    </p>
   </div>
   <div class='ocr_carea' id='block_1_71' title="bbox 1036 1324 1819 1361">
    <p class='ocr_par' dir='ltr' id='par_1_71' title="bbox 1036 1324 1819 1361">
     <span class='ocr_line' id='line_1_72' title="bbox 1036 1324 1819 1361; baseline 0.003 -12"><span class='ocrx_word' id='word_1_459' title='bbox 1036 1331 1130 1352; x_wconf 84' lang='lat' dir='ltr'><strong>contra</strong></span> <span class='ocrx_word' id='word_1_460' title='bbox 1147 1326 1231 1353; x_wconf 89' lang='lat' dir='ltr'><strong>libros</strong></span> <span class='ocrx_word' id='word_1_461' title='bbox 1248 1326 1367 1361; x_wconf 90' lang='lat' dir='ltr'><strong>Dionysii</strong></span> <span class='ocrx_word' id='word_1_462' title='bbox 1389 1329 1560 1360; x_wconf 84' lang='lat' dir='ltr'><strong>argumenta.</strong></span> <span class='ocrx_word' id='word_1_463' title='bbox 1581 1324 1684 1356; x_wconf 83' lang='lat' dir='ltr'><strong>Quibus</strong></span> <span class='ocrx_word' id='word_1_464' title='bbox 1704 1329 1741 1350; x_wconf 88' lang='lat' dir='ltr'><strong>tta</strong></span> <span class='ocrx_word' id='word_1_465' title='bbox 1773 1331 1819 1352; x_wconf 86' lang='lat' dir='ltr'><strong>re-</strong></span> 
     </span>
    </p>
   </div>
   <div class='ocr_carea' id='block_1_72' title="bbox 1035 1361 1168 1392">
    <p class='ocr_par' dir='ltr' id='par_1_72' title="bbox 1035 1361 1168 1392">
     <span class='ocr_line' id='line_1_73' title="bbox 1035 1361 1168 1392; baseline 0.015 -7"><span class='ocrx_word' id='word_1_466' title='bbox 1035 1361 1168 1392; x_wconf 77' lang='lat' dir='ltr'><strong>spondeo.</strong></span> 
     </span>
    </p>
   </div>
   <div class='ocr_carea' id='block_1_73' title="bbox 1070 1393 1821 1431">
    <p class='ocr_par' dir='ltr' id='par_1_73' title="bbox 1070 1393 1821 1431">
     <span class='ocr_line' id='line_1_74' title="bbox 1070 1393 1821 1431; baseline 0 -10"><span class='ocrx_word' id='word_1_467' title='bbox 1070 1395 1109 1422; x_wconf 77' lang='lat' dir='ltr'><strong>Ad</strong></span> <span class='ocrx_word' id='word_1_468' title='bbox 1121 1396 1238 1430; x_wconf 90' lang='lat' dir='ltr'><strong>primum</strong></span> <span class='ocrx_word' id='word_1_469' title='bbox 1251 1396 1322 1426; x_wconf 89' lang='lat' dir='ltr'><strong>dico,</strong></span> <span class='ocrx_word' id='word_1_470' title='bbox 1338 1395 1433 1423; x_wconf 85' lang='lat' dir='ltr'><strong>Patres</strong></span> <span class='ocrx_word' id='word_1_471' title='bbox 1446 1393 1754 1431; x_wconf 76' lang='lat' dir='ltr'><strong>Dionysioposteriores</strong></span> <span class='ocrx_word' id='word_1_472' title='bbox 1772 1402 1821 1421; x_wconf 89' lang='lat' dir='ltr'><strong>no-</strong></span> 
     </span>
    </p>
   </div>
   <div class='ocr_carea' id='block_1_74' title="bbox 1036 1429 1821 1465">
    <p class='ocr_par' dir='ltr' id='par_1_74' title="bbox 1036 1429 1821 1465">
     <span class='ocr_line' id='line_1_75' title="bbox 1036 1429 1821 1465; baseline 0.003 -10"><span class='ocrx_word' id='word_1_473' title='bbox 1036 1429 1162 1457; x_wconf 88' lang='lat' dir='ltr'><strong>minatim</strong></span> <span class='ocrx_word' id='word_1_474' title='bbox 1178 1431 1236 1465; x_wconf 86' lang='lat' dir='ltr'><strong>cjns</strong></span> <span class='ocrx_word' id='word_1_475' title='bbox 1251 1431 1416 1465; x_wconf 83' lang='lat' dir='ltr'><strong>scriptorum</strong></span> <span class='ocrx_word' id='word_1_476' title='bbox 1435 1438 1486 1458; x_wconf 90' lang='lat' dir='ltr'><strong>non</strong></span> <span class='ocrx_word' id='word_1_477' title='bbox 1505 1429 1671 1465; x_wconf 81' lang='lat' dir='ltr'><strong>meminisse.</strong></span> <span class='ocrx_word' id='word_1_478' title='bbox 1686 1429 1749 1463; x_wconf 84' lang='lat' dir='ltr'><strong>quia</strong></span> <span class='ocrx_word' id='word_1_479' title='bbox 1766 1431 1821 1457; x_wconf 89' lang='lat' dir='ltr'><strong>illis</strong></span> 
     </span>
    </p>
   </div>
   <div class='ocr_carea' id='block_1_75' title="bbox 1036 1464 1819 1500">
    <p class='ocr_par' dir='ltr' id='par_1_75' title="bbox 1036 1464 1819 1500">
     <span class='ocr_line' id='line_1_76' title="bbox 1036 1464 1819 1500; baseline 0.003 -10"><span class='ocrx_word' id='word_1_480' title='bbox 1036 1465 1077 1500; x_wconf 78' lang='lat' dir='ltr'><strong>vel</strong></span> <span class='ocrx_word' id='word_1_481' title='bbox 1094 1474 1146 1493; x_wconf 92' lang='lat' dir='ltr'><strong>non</strong></span> <span class='ocrx_word' id='word_1_482' title='bbox 1168 1464 1258 1499; x_wconf 84' lang='lat' dir='ltr'><strong>libuit,</strong></span> <span class='ocrx_word' id='word_1_483' title='bbox 1283 1464 1325 1493; x_wconf 75' lang='lat' dir='ltr'><strong>vel</strong></span> <span class='ocrx_word' id='word_1_484' title='bbox 1343 1475 1397 1494; x_wconf 90' lang='lat' dir='ltr'><strong>non</strong></span> <span class='ocrx_word' id='word_1_485' title='bbox 1421 1465 1508 1492; x_wconf 90' lang='lat' dir='ltr'><strong>licuit.</strong></span> <span class='ocrx_word' id='word_1_486' title='bbox 1531 1464 1598 1491; x_wconf 80' lang='lat' dir='ltr'><strong>Nam</strong></span> <span class='ocrx_word' id='word_1_487' title='bbox 1618 1465 1716 1497; x_wconf 79' lang='lat' dir='ltr'><strong>quibus</strong></span> <span class='ocrx_word' id='word_1_488' title='bbox 1733 1465 1819 1500; x_wconf 80' lang='lat' dir='ltr'><strong>ignoti</strong></span> 
     </span>
    </p>
   </div>
   <div class='ocr_carea' id='block_1_76' title="bbox 1035 1499 1821 1536">
    <p class='ocr_par' dir='ltr' id='par_1_76' title="bbox 1035 1499 1821 1536">
     <span class='ocr_line' id='line_1_77' title="bbox 1035 1499 1821 1536; baseline 0.003 -11"><span class='ocrx_word' id='word_1_489' title='bbox 1035 1499 1156 1533; x_wconf 89' lang='lat' dir='ltr'><strong>fuerunt,</strong></span> <span class='ocrx_word' id='word_1_490' title='bbox 1175 1509 1227 1528; x_wconf 92' lang='lat' dir='ltr'><strong>non</strong></span> <span class='ocrx_word' id='word_1_491' title='bbox 1253 1501 1330 1528; x_wconf 85' lang='lat' dir='ltr'><strong>licuit</strong></span> <span class='ocrx_word' id='word_1_492' title='bbox 1356 1502 1418 1536; x_wconf 91' lang='lat' dir='ltr'><strong>(nec</strong></span> <span class='ocrx_word' id='word_1_493' title='bbox 1439 1501 1510 1527; x_wconf 89' lang='lat' dir='ltr'><strong>enim</strong></span> <span class='ocrx_word' id='word_1_494' title='bbox 1536 1500 1562 1526; x_wconf 93' lang='lat' dir='ltr'><strong>in</strong></span> <span class='ocrx_word' id='word_1_495' title='bbox 1585 1500 1705 1536; x_wconf 74' lang='lat' dir='ltr'><strong>omnium</strong></span> <span class='ocrx_word' id='word_1_496' title='bbox 1727 1499 1821 1527; x_wconf 69' lang='lat' dir='ltr'><strong>venire</strong></span> 
     </span>
    </p>
   </div>
   <div class='ocr_carea' id='block_1_77' title="bbox 1037 1535 1819 1571">
    <p class='ocr_par' dir='ltr' id='par_1_77' title="bbox 1037 1535 1819 1571">
     <span class='ocr_line' id='line_1_78' title="bbox 1037 1535 1819 1571; baseline -0.001 -9"><span class='ocrx_word' id='word_1_497' title='bbox 1037 1543 1132 1563; x_wconf 82' lang='lat' dir='ltr'><strong>manus</strong></span> <span class='ocrx_word' id='word_1_498' title='bbox 1147 1537 1326 1571; x_wconf 87' lang='lat' dir='ltr'><strong>potuerunt);</strong></span> <span class='ocrx_word' id='word_1_499' title='bbox 1348 1535 1447 1570; x_wconf 86' lang='lat' dir='ltr'><strong>quibus</strong></span> <span class='ocrx_word' id='word_1_500' title='bbox 1469 1536 1536 1566; x_wconf 89' lang='lat' dir='ltr'><strong>noti,</strong></span> <span class='ocrx_word' id='word_1_501' title='bbox 1555 1542 1617 1571; x_wconf 78' lang='lat' dir='ltr'><strong>non</strong></span> <span class='ocrx_word' id='word_1_502' title='bbox 1635 1535 1723 1561; x_wconf 88' lang='lat' dir='ltr'><strong>libuit.</strong></span> <span class='ocrx_word' id='word_1_503' title='bbox 1746 1536 1819 1568; x_wconf 87' lang='lat' dir='ltr'><strong>Quid</strong></span> 
     </span>
    </p>
   </div>
   <div class='ocr_carea' id='block_1_78' title="bbox 196 1567 1821 1606">
    <p class='ocr_par' dir='ltr' id='par_1_78' title="bbox 196 1567 1821 1606">
     <span class='ocr_line' id='line_1_79' title="bbox 196 1567 1821 1606; baseline 0.002 -12"><span class='ocrx_word' id='word_1_504' title='bbox 196 1567 280 1595; x_wconf 85' lang='lat' dir='ltr'><strong>luerit</strong></span> <span class='ocrx_word' id='word_1_505' title='bbox 292 1578 304 1606; x_wconf 21' lang='lat'><strong>:7</strong></span> <span class='ocrx_word' id='word_1_506' title='bbox 316 1575 371 1606; x_wconf 20' lang='lat' dir='ltr'><strong>Vaut</strong></span> <span class='ocrx_word' id='word_1_507' title='bbox 385 1567 407 1606; x_wconf 80' lang='lat' dir='ltr'><strong>si</strong></span> <span class='ocrx_word' id='word_1_508' title='bbox 431 1572 482 1599; x_wconf 86' lang='lat' dir='ltr'><strong>hoc</strong></span> <span class='ocrx_word' id='word_1_509' title='bbox 500 1567 617 1604; x_wconf 38' lang='lat' dir='ltr'><strong>longum‘</strong></span> <span class='ocrx_word' id='word_1_510' title='bbox 629 1574 682 1602; x_wconf 89' lang='lat' dir='ltr'><strong>est,</strong></span> <span class='ocrx_word' id='word_1_511' title='bbox 702 1567 813 1606; x_wconf 75' lang='lat' dir='ltr'><strong>saltem</strong></span> <span class='ocrx_word' id='word_1_512' title='bbox 825 1567 867 1595; x_wconf 19' lang='lat' dir='ltr'><strong>ear</strong></span> <span class='ocrx_word' id='word_1_513' title='bbox 880 1577 940 1606; x_wconf 69' lang='lat' dir='ltr'><strong>qua:</strong></span> <span class='ocrx_word' id='word_1_514' title='bbox 955 1569 981 1606; x_wconf 84' lang='lat' dir='ltr'><strong>in</strong></span> <span class='ocrx_word' id='word_1_515' title='bbox 995 1574 1016 1602; x_wconf 74' lang='grc' dir='ltr'>ο</span> <span class='ocrx_word' id='word_1_516' title='bbox 1034 1575 1124 1597; x_wconf 88' lang='lat' dir='ltr'><strong>autem</strong></span> <span class='ocrx_word' id='word_1_517' title='bbox 1140 1567 1252 1599; x_wconf 64' lang='lat' dir='ltr'><strong>causae?</strong></span> <span class='ocrx_word' id='word_1_518' title='bbox 1273 1567 1375 1603; x_wconf 75' lang='lat' dir='ltr'><strong>Primo,</strong></span> <span class='ocrx_word' id='word_1_519' title='bbox 1396 1571 1459 1606; x_wconf 88' lang='lat' dir='ltr'><strong>quia</strong></span> <span class='ocrx_word' id='word_1_520' title='bbox 1485 1570 1568 1597; x_wconf 87' lang='lat' dir='ltr'><strong>libros</strong></span> <span class='ocrx_word' id='word_1_521' title='bbox 1591 1569 1651 1606; x_wconf 81' lang='lat' dir='ltr'><strong>illos</strong></span> <span class='ocrx_word' id='word_1_522' title='bbox 1675 1567 1821 1604; x_wconf 50' lang='lat' dir='ltr'><strong>(quoniam</strong></span> 
     </span>
    </p>
   </div>
   <div class='ocr_carea' id='block_1_79' title="bbox 197 1604 982 1641">
    <p class='ocr_par' dir='ltr' id='par_1_79' title="bbox 197 1604 982 1641">
     <span class='ocr_line' id='line_1_80' title="bbox 197 1604 982 1641; baseline 0.001 -11"><span class='ocrx_word' id='word_1_523' title='bbox 197 1608 280 1637; x_wconf 91' lang='lat' dir='ltr'><strong>caput</strong></span> <span class='ocrx_word' id='word_1_524' title='bbox 291 1605 328 1632; x_wconf 72' lang='lat'><strong>2?.</strong></span> <span class='ocrx_word' id='word_1_525' title='bbox 341 1610 369 1632; x_wconf 91' lang='lat' dir='ltr'><strong>et</strong></span> <span class='ocrx_word' id='word_1_526' title='bbox 383 1605 418 1633; x_wconf 73' lang='grc'><strong>25</strong></span> <span class='ocrx_word' id='word_1_527' title='bbox 448 1607 516 1634; x_wconf 77' lang='lat' dir='ltr'><strong>Vita:</strong></span> <span class='ocrx_word' id='word_1_528' title='bbox 531 1607 590 1641; x_wconf 83' lang='lat' dir='ltr'><strong>ejus</strong></span> <span class='ocrx_word' id='word_1_529' title='bbox 605 1604 828 1641; x_wconf 73' lang='lat' dir='ltr'><strong>supraimmissi,</strong></span> <span class='ocrx_word' id='word_1_530' title='bbox 843 1612 896 1631; x_wconf 91' lang='lat' dir='ltr'><strong>non</strong></span> <span class='ocrx_word' id='word_1_531' title='bbox 913 1604 982 1631; x_wconf 89' lang='lat' dir='ltr'><strong>invi-</strong></span> 
     </span>
    </p>
   </div>
   <div class='ocr_carea' id='block_1_80' title="bbox 198 1639 981 1672">
    <p class='ocr_par' dir='ltr' id='par_1_80' title="bbox 198 1639 981 1672">
     <span class='ocr_line' id='line_1_81' title="bbox 198 1639 981 1672; baseline 0.001 -7"><span class='ocrx_word' id='word_1_532' title='bbox 198 1643 242 1666; x_wconf 84' lang='lat' dir='ltr'><strong>tus</strong></span> <span class='ocrx_word' id='word_1_533' title='bbox 254 1642 431 1672; x_wconf 90' lang='lat' dir='ltr'><strong>percurrerit.</strong></span> <span class='ocrx_word' id='word_1_534' title='bbox 441 1639 553 1669; x_wconf 86' lang='lat' dir='ltr'><strong>Plenum</strong></span> <span class='ocrx_word' id='word_1_535' title='bbox 563 1639 760 1672; x_wconf 87' lang='lat' dir='ltr'><strong>autcmalioqui</strong></span> <span class='ocrx_word' id='word_1_536' title='bbox 774 1639 893 1665; x_wconf 87' lang='lat' dir='ltr'><strong>fttlurttm</strong></span> <span class='ocrx_word' id='word_1_537' title='bbox 905 1647 981 1666; x_wconf 87' lang='lat' dir='ltr'><strong>men-</strong></span> 
     </span>
    </p>
   </div>
   <div class='ocr_carea' id='block_1_81' title="bbox 196 1674 980 1708">
    <p class='ocr_par' dir='ltr' id='par_1_81' title="bbox 196 1674 980 1708">
     <span class='ocr_line' id='line_1_82' title="bbox 196 1674 980 1708; baseline -0.001 -8"><span class='ocrx_word' id='word_1_538' title='bbox 196 1674 267 1700; x_wconf 70' lang='lat' dir='ltr'><strong>dacii</strong></span> <span class='ocrx_word' id='word_1_539' title='bbox 290 1680 318 1702; x_wconf 89' lang='lat' dir='ltr'><strong>et</strong></span> <span class='ocrx_word' id='word_1_540' title='bbox 336 1675 452 1704; x_wconf 68' lang='lat' dir='ltr'><strong>fallacia:</strong></span> <span class='ocrx_word' id='word_1_541' title='bbox 465 1683 493 1704; x_wconf 88' lang='lat' dir='ltr'><strong>et</strong></span> <span class='ocrx_word' id='word_1_542' title='bbox 507 1675 699 1707; x_wconf 77' lang='lat' dir='ltr'><strong>simulationis,</strong></span> <span class='ocrx_word' id='word_1_543' title='bbox 714 1674 737 1700; x_wconf 92' lang='lat' dir='ltr'><strong>si</strong></span> <span class='ocrx_word' id='word_1_544' title='bbox 759 1674 830 1700; x_wconf 89' lang='lat' dir='ltr'><strong>alius</strong></span> <span class='ocrx_word' id='word_1_545' title='bbox 846 1674 883 1700; x_wconf 86' lang='lat' dir='ltr'><strong>sit</strong></span> <span class='ocrx_word' id='word_1_546' title='bbox 899 1682 980 1708; x_wconf 81' lang='lat' dir='ltr'><strong>quant</strong></span> 
     </span>
    </p>
   </div>
   <div class='ocr_carea' id='block_1_82' title="bbox 195 1708 982 1746">
    <p class='ocr_par' dir='ltr' id='par_1_82' title="bbox 195 1708 982 1746">
     <span class='ocr_line' id='line_1_83' title="bbox 195 1708 982 1746; baseline 0.001 -12"><span class='ocrx_word' id='word_1_547' title='bbox 195 1708 324 1741; x_wconf 87' lang='lat' dir='ltr'><strong>dicimus,</strong></span> <span class='ocrx_word' id='word_1_548' title='bbox 341 1715 369 1738; x_wconf 86' lang='lat' dir='ltr'><strong>et</strong></span> <span class='ocrx_word' id='word_1_549' title='bbox 391 1719 471 1744; x_wconf 86' lang='lat' dir='ltr'><strong>quam</strong></span> <span class='ocrx_word' id='word_1_550' title='bbox 493 1713 595 1746; x_wconf 87' lang='lat' dir='ltr'><strong>scripta</strong></span> <span class='ocrx_word' id='word_1_551' title='bbox 620 1714 828 1746; x_wconf 71' lang='lat' dir='ltr'><strong>rcprmsentanl,</strong></span> <span class='ocrx_word' id='word_1_552' title='bbox 846 1708 982 1746; x_wconf 49' lang='lat' dir='ltr'><strong>indeuia:</strong></span> 
     </span>
    </p>
   </div>
   <div class='ocr_carea' id='block_1_83' title="bbox 197 1744 979 1779">
    <p class='ocr_par' dir='ltr' id='par_1_83' title="bbox 197 1744 979 1779">
     <span class='ocr_line' id='line_1_84' title="bbox 197 1744 979 1779; baseline 0.001 -10"><span class='ocrx_word' id='word_1_553' title='bbox 197 1751 256 1769; x_wconf 92' lang='lat' dir='ltr'><strong>rum</strong></span> <span class='ocrx_word' id='word_1_554' title='bbox 271 1749 323 1776; x_wconf 85' lang='lat' dir='ltr'><strong>est,</strong></span> <span class='ocrx_word' id='word_1_555' title='bbox 338 1747 410 1779; x_wconf 91' lang='lat' dir='ltr'><strong>quod</strong></span> <span class='ocrx_word' id='word_1_556' title='bbox 429 1754 458 1774; x_wconf 85' lang='lat' dir='ltr'><strong>se</strong></span> <span class='ocrx_word' id='word_1_557' title='bbox 471 1744 626 1774; x_wconf 61' lang='lat' dir='ltr'><strong>conviitiSSc</strong></span> <span class='ocrx_word' id='word_1_558' title='bbox 645 1745 786 1779; x_wconf 87' lang='lat' dir='ltr'><strong>apostolis.</strong></span> <span class='ocrx_word' id='word_1_559' title='bbox 805 1745 876 1778; x_wconf 87' lang='lat' dir='ltr'><strong>quod</strong></span> <span class='ocrx_word' id='word_1_560' title='bbox 903 1744 979 1771; x_wconf 89' lang='lat' dir='ltr'><strong>Pauli</strong></span> 
     </span>
    </p>
   </div>
   <div class='ocr_carea' id='block_1_84' title="bbox 196 1779 980 1816">
    <p class='ocr_par' dir='ltr' id='par_1_84' title="bbox 196 1779 980 1816">
     <span class='ocr_line' id='line_1_85' title="bbox 196 1779 980 1816; baseline 0 -10"><span class='ocrx_word' id='word_1_561' title='bbox 196 1779 310 1816; x_wconf 59' lang='lat' dir='ltr'><strong>apostoli</strong></span> <span class='ocrx_word' id='word_1_562' title='bbox 326 1781 488 1816; x_wconf 90' lang='lat' dir='ltr'><strong>discipulum</strong></span> <span class='ocrx_word' id='word_1_563' title='bbox 512 1782 598 1808; x_wconf 87' lang='lat' dir='ltr'><strong>fuisse</strong></span> <span class='ocrx_word' id='word_1_564' title='bbox 618 1781 702 1811; x_wconf 88' lang='lat' dir='ltr'><strong>dicat,</strong></span> <span class='ocrx_word' id='word_1_565' title='bbox 725 1779 798 1814; x_wconf 88' lang='lat' dir='ltr'><strong>quod</strong></span> <span class='ocrx_word' id='word_1_566' title='bbox 815 1788 844 1816; x_wconf 82' lang='lat' dir='ltr'><strong>se</strong></span> <span class='ocrx_word' id='word_1_567' title='bbox 859 1779 980 1816; x_wconf 76' lang='lat' dir='ltr'><strong>Dcipara:</strong></span> 
     </span>
    </p>
   </div>
   <div class='ocr_carea' id='block_1_85' title="bbox 196 1813 979 1850">
    <p class='ocr_par' dir='ltr' id='par_1_85' title="bbox 196 1813 979 1850">
     <span class='ocr_line' id='line_1_86' title="bbox 196 1813 979 1850; baseline 0.001 -11"><span class='ocrx_word' id='word_1_568' title='bbox 196 1813 318 1848; x_wconf 75' lang='lat' dir='ltr'><strong>Virginis</strong></span> <span class='ocrx_word' id='word_1_569' title='bbox 340 1813 429 1843; x_wconf 80' lang='lat' dir='ltr'><strong>funeri</strong></span> <span class='ocrx_word' id='word_1_570' title='bbox 445 1817 576 1848; x_wconf 85' lang='lat' dir='ltr'><strong>adfuisse,</strong></span> <span class='ocrx_word' id='word_1_571' title='bbox 593 1816 665 1850; x_wconf 88' lang='lat' dir='ltr'><strong>quod</strong></span> <span class='ocrx_word' id='word_1_572' title='bbox 685 1813 800 1850; x_wconf 80' lang='lat' dir='ltr'><strong>hymnos</strong></span> <span class='ocrx_word' id='word_1_573' title='bbox 814 1815 841 1841; x_wconf 92' lang='lat' dir='ltr'><strong>in</strong></span> <span class='ocrx_word' id='word_1_574' title='bbox 857 1814 915 1848; x_wconf 75' lang='lat' dir='ltr'><strong>eius</strong></span> <span class='ocrx_word' id='word_1_575' title='bbox 930 1816 979 1841; x_wconf 92' lang='lat' dir='ltr'><strong>ho-</strong></span> 
     </span>
    </p>
   </div>
   <div class='ocr_carea' id='block_1_86' title="bbox 196 1850 978 1887">
    <p class='ocr_par' dir='ltr' id='par_1_86' title="bbox 196 1850 978 1887">
     <span class='ocr_line' id='line_1_87' title="bbox 196 1850 978 1887; baseline 0.001 -13"><span class='ocrx_word' id='word_1_576' title='bbox 196 1855 289 1875; x_wconf 89' lang='lat' dir='ltr'><strong>norem</strong></span> <span class='ocrx_word' id='word_1_577' title='bbox 301 1850 431 1887; x_wconf 82' lang='lat' dir='ltr'><strong>aruliisse,</strong></span> <span class='ocrx_word' id='word_1_578' title='bbox 446 1853 517 1887; x_wconf 90' lang='lat' dir='ltr'><strong>quod</strong></span> <span class='ocrx_word' id='word_1_579' title='bbox 532 1852 677 1878; x_wconf 83' lang='lat' dir='ltr'><strong>Timotheo</strong></span> <span class='ocrx_word' id='word_1_580' title='bbox 690 1851 799 1887; x_wconf 70' lang='lat' dir='ltr'><strong>eosdem</strong></span> <span class='ocrx_word' id='word_1_581' title='bbox 815 1851 978 1887; x_wconf 83' lang='lat' dir='ltr'><strong>memoranti</strong></span> 
     </span>
    </p>
   </div>
   <div class='ocr_carea' id='block_1_87' title="bbox 194 1885 979 1921">
    <p class='ocr_par' dir='ltr' id='par_1_87' title="bbox 194 1885 979 1921">
     <span class='ocr_line' id='line_1_88' title="bbox 194 1885 979 1921; baseline 0.005 -13"><span class='ocrx_word' id='word_1_582' title='bbox 194 1890 277 1921; x_wconf 67' lang='lat' dir='ltr'><strong>aures</strong></span> <span class='ocrx_word' id='word_1_583' title='bbox 301 1885 408 1921; x_wconf 79' lang='lat' dir='ltr'><strong>dedisse</strong></span> <span class='ocrx_word' id='word_1_584' title='bbox 433 1885 547 1919; x_wconf 84' lang='lat' dir='ltr'><strong>scribat,</strong></span> <span class='ocrx_word' id='word_1_585' title='bbox 574 1887 646 1921; x_wconf 90' lang='lat' dir='ltr'><strong>quod</strong></span> <span class='ocrx_word' id='word_1_586' title='bbox 675 1886 729 1912; x_wconf 80' lang='lat' dir='ltr'><strong>alia</strong></span> <span class='ocrx_word' id='word_1_587' title='bbox 757 1885 833 1921; x_wconf 82' lang='lat' dir='ltr'><strong>plura</strong></span> <span class='ocrx_word' id='word_1_588' title='bbox 861 1885 979 1921; x_wconf 80' lang='lat' dir='ltr'><strong>denique</strong></span> 
     </span>
    </p>
   </div>
   <div class='ocr_carea' id='block_1_88' title="bbox 195 1918 977 1956">
    <p class='ocr_par' dir='ltr' id='par_1_88' title="bbox 195 1918 977 1956">
     <span class='ocr_line' id='line_1_89' title="bbox 195 1918 977 1956; baseline 0.001 -12"><span class='ocrx_word' id='word_1_589' title='bbox 195 1918 285 1956; x_wconf 82' lang='lat' dir='ltr'><strong>iisque</strong></span> <span class='ocrx_word' id='word_1_590' title='bbox 305 1920 332 1946; x_wconf 91' lang='lat' dir='ltr'><strong>in</strong></span> <span class='ocrx_word' id='word_1_591' title='bbox 357 1920 434 1949; x_wconf 88' lang='lat' dir='ltr'><strong>libris</strong></span> <span class='ocrx_word' id='word_1_592' title='bbox 457 1918 564 1953; x_wconf 80' lang='lat' dir='ltr'><strong>afferat,</strong></span> <span class='ocrx_word' id='word_1_593' title='bbox 583 1918 648 1956; x_wconf 74' lang='lat' dir='ltr'><strong>qua:</strong></span> <span class='ocrx_word' id='word_1_594' title='bbox 669 1920 770 1954; x_wconf 87' lang='lat' dir='ltr'><strong>alioqui</strong></span> <span class='ocrx_word' id='word_1_595' title='bbox 794 1919 977 1954; x_wconf 81' lang='lat' dir='ltr'><strong>prodigiosum</strong></span> 
     </span>
    </p>
   </div>
   <div class='ocr_carea' id='block_1_89' title="bbox 194 1954 911 1991">
    <p class='ocr_par' dir='ltr' id='par_1_89' title="bbox 194 1954 911 1991">
     <span class='ocr_line' id='line_1_90' title="bbox 194 1954 911 1991; baseline 0.001 -12"><span class='ocrx_word' id='word_1_596' title='bbox 194 1954 344 1991; x_wconf 81' lang='lat' dir='ltr'><strong>mentiendi</strong></span> <span class='ocrx_word' id='word_1_597' title='bbox 360 1960 386 1982; x_wconf 87' lang='lat' dir='ltr'><strong>et</strong></span> <span class='ocrx_word' id='word_1_598' title='bbox 402 1957 553 1991; x_wconf 85' lang='lat' dir='ltr'><strong>decipiendi</strong></span> <span class='ocrx_word' id='word_1_599' title='bbox 569 1954 911 1991; x_wconf 81' lang='lat' dir='ltr'><strong>continerentaudaciam.</strong></span> 
     </span>
    </p>
   </div>
   <div class='ocr_carea' id='block_1_90' title="bbox 229 1989 977 2028">
    <p class='ocr_par' dir='ltr' id='par_1_90' title="bbox 229 1989 977 2028">
     <span class='ocr_line' id='line_1_91' title="bbox 229 1989 977 2028; baseline -0.001 -12"><span class='ocrx_word' id='word_1_600' title='bbox 279 1997 346 2028; x_wconf 74' lang='lat' dir='ltr'><strong>vero</strong></span> <span class='ocrx_word' id='word_1_601' title='bbox 362 1991 424 2025; x_wconf 90' lang='lat' dir='ltr'><strong>quis</strong></span> <span class='ocrx_word' id='word_1_602' title='bbox 437 1989 533 2019; x_wconf 80' lang='lat' dir='ltr'><strong>credat</strong></span> <span class='ocrx_word' id='word_1_603' title='bbox 549 1992 638 2028; x_wconf 81' lang='lat' dir='ltr'><strong>virum</strong></span> <span class='ocrx_word' id='word_1_604' title='bbox 653 1991 722 2018; x_wconf 85' lang='lat' dir='ltr'><strong>adeo</strong></span> <span class='ocrx_word' id='word_1_605' title='bbox 738 1990 847 2028; x_wconf 66' lang='lat' dir='ltr'><strong>doctum</strong></span> <span class='ocrx_word' id='word_1_606' title='bbox 862 1994 893 2028; x_wconf 70' lang='lat' dir='ltr'><strong>ct</strong></span> <span class='ocrx_word' id='word_1_607' title='bbox 904 1990 977 2028; x_wconf 83' lang='lat' dir='ltr'><strong>piurn</strong></span> 
     </span>
    </p>
   </div>
   <div class='ocr_carea' id='block_1_91' title="bbox 194 2023 978 2062">
    <p class='ocr_par' dir='ltr' id='par_1_91' title="bbox 194 2023 978 2062">
     <span class='ocr_line' id='line_1_92' title="bbox 194 2023 978 2062; baseline 0.003 -11"><span class='ocrx_word' id='word_1_608' title='bbox 194 2028 221 2051; x_wconf 85' lang='lat' dir='ltr'><strong>et</strong></span> <span class='ocrx_word' id='word_1_609' title='bbox 233 2023 426 2058; x_wconf 77' lang='lat' dir='ltr'><strong>illuminarunt,</strong></span> <span class='ocrx_word' id='word_1_610' title='bbox 440 2027 548 2062; x_wconf 86' lang='lat' dir='ltr'><strong>qualem</strong></span> <span class='ocrx_word' id='word_1_611' title='bbox 564 2034 594 2053; x_wconf 88' lang='lat' dir='ltr'><strong>se</strong></span> <span class='ocrx_word' id='word_1_612' title='bbox 609 2027 654 2053; x_wconf 92' lang='lat' dir='ltr'><strong>hic</strong></span> <span class='ocrx_word' id='word_1_613' title='bbox 672 2030 768 2052; x_wconf 88' lang='lat' dir='ltr'><strong>auctor</strong></span> <span class='ocrx_word' id='word_1_614' title='bbox 786 2025 813 2052; x_wconf 90' lang='lat' dir='ltr'><strong>in</strong></span> <span class='ocrx_word' id='word_1_615' title='bbox 831 2025 978 2062; x_wconf 82' lang='lat' dir='ltr'><strong>scribendo</strong></span> 
     </span>
    </p>
   </div>
   <div class='ocr_carea' id='block_1_92' title="bbox 194 2060 976 2096">
    <p class='ocr_par' dir='ltr' id='par_1_92' title="bbox 194 2060 976 2096">
     <span class='ocr_line' id='line_1_93' title="bbox 194 2060 976 2096; baseline 0.004 -11"><span class='ocrx_word' id='word_1_616' title='bbox 194 2064 318 2096; x_wconf 64' lang='lat' dir='ltr'><strong>precstat,</strong></span> <span class='ocrx_word' id='word_1_617' title='bbox 336 2065 392 2087; x_wconf 88' lang='lat' dir='ltr'><strong>tam</strong></span> <span class='ocrx_word' id='word_1_618' title='bbox 408 2060 489 2096; x_wconf 82' lang='lat' dir='ltr'><strong>impia</strong></span> <span class='ocrx_word' id='word_1_619' title='bbox 506 2062 619 2089; x_wconf 81' lang='lat' dir='ltr'><strong>ﬁnxisse</strong></span> <span class='ocrx_word' id='word_1_620' title='bbox 633 2062 751 2093; x_wconf 83' lang='lat' dir='ltr'><strong>somnia,</strong></span> <span class='ocrx_word' id='word_1_621' title='bbox 770 2066 824 2087; x_wconf 89' lang='lat' dir='ltr'><strong>tam</strong></span> <span class='ocrx_word' id='word_1_622' title='bbox 841 2060 976 2096; x_wconf 77' lang='lat' dir='ltr'><strong>inusitata</strong></span> 
     </span>
    </p>
   </div>
   <div class='ocr_carea' id='block_1_93' title="bbox 191 2095 978 2131">
    <p class='ocr_par' dir='ltr' id='par_1_93' title="bbox 191 2095 978 2131">
     <span class='ocr_line' id='line_1_94' title="bbox 191 2095 978 2131; baseline 0.001 -11"><span class='ocrx_word' id='word_1_623' title='bbox 191 2095 366 2131; x_wconf 79' lang='lat' dir='ltr'><strong>excogitasse</strong></span> <span class='ocrx_word' id='word_1_624' title='bbox 378 2095 533 2129; x_wconf 84' lang='lat' dir='ltr'><strong>mendacia,</strong></span> <span class='ocrx_word' id='word_1_625' title='bbox 550 2097 631 2131; x_wconf 90' lang='lat' dir='ltr'><strong>idque</strong></span> <span class='ocrx_word' id='word_1_626' title='bbox 653 2103 682 2123; x_wconf 92' lang='lat' dir='ltr'><strong>ut</strong></span> <span class='ocrx_word' id='word_1_627' title='bbox 703 2096 805 2124; x_wconf 85' lang='lat' dir='ltr'><strong>nomini</strong></span> <span class='ocrx_word' id='word_1_628' title='bbox 823 2095 912 2122; x_wconf 84' lang='lat' dir='ltr'><strong>alieno</strong></span> <span class='ocrx_word' id='word_1_629' title='bbox 936 2095 978 2122; x_wconf 84' lang='lat' dir='ltr'><strong>fa-</strong></span> 
     </span>
    </p>
   </div>
   <div class='ocr_carea' id='block_1_94' title="bbox 193 2130 975 2162">
    <p class='ocr_par' dir='ltr' id='par_1_94' title="bbox 193 2130 975 2162">
     <span class='ocr_line' id='line_1_95' title="bbox 193 2130 975 2162; baseline 0.003 -7"><span class='ocrx_word' id='word_1_630' title='bbox 193 2136 266 2156; x_wconf 89' lang='lat' dir='ltr'><strong>mam</strong></span> <span class='ocrx_word' id='word_1_631' title='bbox 285 2130 373 2162; x_wconf 89' lang='lat' dir='ltr'><strong>daret,</strong></span> <span class='ocrx_word' id='word_1_632' title='bbox 387 2132 545 2159; x_wconf 81' lang='lat' dir='ltr'><strong>detrahere:</strong></span> <span class='ocrx_word' id='word_1_633' title='bbox 566 2130 632 2158; x_wconf 82' lang='lat' dir='ltr'><strong>suo?</strong></span> <span class='ocrx_word' id='word_1_634' title='bbox 655 2131 730 2159; x_wconf 87' lang='lat' dir='ltr'><strong>Talis</strong></span> <span class='ocrx_word' id='word_1_635' title='bbox 744 2137 819 2160; x_wconf 85' lang='lat' dir='ltr'><strong>certe</strong></span> <span class='ocrx_word' id='word_1_636' title='bbox 843 2138 895 2156; x_wconf 92' lang='lat' dir='ltr'><strong>non</strong></span> <span class='ocrx_word' id='word_1_637' title='bbox 913 2131 975 2162; x_wconf 77' lang='lat' dir='ltr'><strong>fuit,</strong></span> 
     </span>
    </p>
   </div>
   <div class='ocr_carea' id='block_1_95' title="bbox 192 2165 975 2202">
    <p class='ocr_par' dir='ltr' id='par_1_95' title="bbox 192 2165 975 2202">
     <span class='ocr_line' id='line_1_96' title="bbox 192 2165 975 2202; baseline 0.003 -12"><span class='ocrx_word' id='word_1_638' title='bbox 192 2170 283 2202; x_wconf 78' lang='lat' dir='ltr'><strong>neque</strong></span> <span class='ocrx_word' id='word_1_639' title='bbox 292 2165 321 2193; x_wconf 91' lang='lat' dir='ltr'><strong>S.</strong></span> <span class='ocrx_word' id='word_1_640' title='bbox 335 2166 480 2202; x_wconf 88' lang='lat' dir='ltr'><strong>Dionysius</strong></span> <span class='ocrx_word' id='word_1_641' title='bbox 491 2167 697 2195; x_wconf 89' lang='lat' dir='ltr'><strong>Corinthiorum</strong></span> <span class='ocrx_word' id='word_1_642' title='bbox 706 2167 852 2201; x_wconf 87' lang='lat' dir='ltr'><strong>episcopus</strong></span> <span class='ocrx_word' id='word_1_643' title='bbox 860 2167 975 2202; x_wconf 79' lang='lat' dir='ltr'><strong>secundi</strong></span> 
     </span>
    </p>
   </div>
   <div class='ocr_carea' id='block_1_96' title="bbox 191 2199 976 2238">
    <p class='ocr_par' dir='ltr' id='par_1_96' title="bbox 191 2199 976 2238">
     <span class='ocr_line' id='line_1_97' title="bbox 191 2199 976 2238; baseline 0.004 -13"><span class='ocrx_word' id='word_1_644' title='bbox 191 2199 284 2238; x_wconf 64' lang='lat' dir='ltr'><strong>saeculi</strong></span> <span class='ocrx_word' id='word_1_645' title='bbox 298 2199 422 2238; x_wconf 76' lang='lat' dir='ltr'><strong>scriptor</strong></span> <span class='ocrx_word' id='word_1_646' title='bbox 437 2203 543 2238; x_wconf 88' lang='lat' dir='ltr'><strong>(horret</strong></span> <span class='ocrx_word' id='word_1_647' title='bbox 565 2203 592 2229; x_wconf 88' lang='lat' dir='ltr'><strong>id</strong></span> <span class='ocrx_word' id='word_1_648' title='bbox 609 2199 869 2238; x_wconf 47' lang='lat' dir='ltr'><strong>animus-cogitare)</strong></span> <span class='ocrx_word' id='word_1_649' title='bbox 889 2208 976 2238; x_wconf 78' lang='lat' dir='ltr'><strong>neque</strong></span> 
     </span>
    </p>
   </div>
   <div class='ocr_carea' id='block_1_97' title="bbox 192 2233 1014 2274">
    <p class='ocr_par' dir='ltr' id='par_1_97' title="bbox 192 2233 1014 2274">
     <span class='ocr_line' id='line_1_98' title="bbox 192 2233 1014 2274; baseline 0.004 -13"><span class='ocrx_word' id='word_1_650' title='bbox 192 2233 446 2274; x_wconf 55' lang='lat' dir='ltr'><strong>doctissimrts_ille&#39;</strong></span> <span class='ocrx_word' id='word_1_651' title='bbox 471 2237 674 2274; x_wconf 84' lang='lat' dir='ltr'><strong>illustrissimus</strong></span> <span class='ocrx_word' id='word_1_652' title='bbox 702 2233 804 2274; x_wconf 66' lang='lat' dir='ltr'><strong>Christi</strong></span> <span class='ocrx_word' id='word_1_653' title='bbox 832 2233 976 2274; x_wconf 79' lang='lat' dir='ltr'><strong>confessor</strong></span> <span class='ocrx_word' id='word_1_654' title='bbox 993 2248 1014 2274; x_wconf 73' lang='grc' dir='ltr'>ο</span> 
     </span>
    </p>
   </div>
   <div class='ocr_carea' id='block_1_98' title="bbox 191 2269 974 2306">
    <p class='ocr_par' dir='ltr' id='par_1_98' title="bbox 191 2269 974 2306">
     <span class='ocr_line' id='line_1_99' title="bbox 191 2269 974 2306; baseline 0.005 -11"><span class='ocrx_word' id='word_1_655' title='bbox 191 2269 340 2304; x_wconf 84' lang='lat' dir='ltr'><strong>Dionysius</strong></span> <span class='ocrx_word' id='word_1_656' title='bbox 358 2271 558 2300; x_wconf 82' lang='lat' dir='ltr'><strong>Alexandrinus</strong></span> <span class='ocrx_word' id='word_1_657' title='bbox 577 2280 634 2299; x_wconf 54' lang='lat' dir='ltr'><strong>aevo</strong></span> <span class='ocrx_word' id='word_1_658' title='bbox 657 2273 739 2300; x_wconf 90' lang='lat' dir='ltr'><strong>tertio</strong></span> <span class='ocrx_word' id='word_1_659' title='bbox 763 2273 855 2299; x_wconf 90' lang='lat' dir='ltr'><strong>clarus</strong></span> <span class='ocrx_word' id='word_1_660' title='bbox 879 2272 974 2306; x_wconf 84' lang='lat' dir='ltr'><strong>(nimis</strong></span> 
     </span>
    </p>
   </div>
   <div class='ocr_carea' id='block_1_99' title="bbox 191 2306 974 2343">
    <p class='ocr_par' dir='ltr' id='par_1_99' title="bbox 191 2306 974 2343">
     <span class='ocr_line' id='line_1_100' title="bbox 191 2306 974 2343; baseline 0.006 -14"><span class='ocrx_word' id='word_1_661' title='bbox 191 2306 365 2343; x_wconf 80' lang='lat' dir='ltr'><strong>temerarium</strong></span> <span class='ocrx_word' id='word_1_662' title='bbox 381 2313 423 2335; x_wconf 88' lang='lat' dir='ltr'><strong>est</strong></span> <span class='ocrx_word' id='word_1_663' title='bbox 439 2308 481 2335; x_wconf 89' lang='lat' dir='ltr'><strong>vel</strong></span> <span class='ocrx_word' id='word_1_664' title='bbox 502 2308 648 2343; x_wconf 88' lang='lat' dir='ltr'><strong>suspicari)</strong></span> <span class='ocrx_word' id='word_1_665' title='bbox 663 2314 751 2342; x_wconf 82' lang='lat' dir='ltr'><strong>neque</strong></span> <span class='ocrx_word' id='word_1_666' title='bbox 772 2307 842 2333; x_wconf 84' lang='lat' dir='ltr'><strong>alius</strong></span> <span class='ocrx_word' id='word_1_667' title='bbox 856 2306 974 2343; x_wconf 81' lang='lat' dir='ltr'><strong>denique</strong></span> 
     </span>
    </p>
   </div>
   <div class='ocr_carea' id='block_1_100' title="bbox 191 2339 975 2378">
    <p class='ocr_par' dir='ltr' id='par_1_100' title="bbox 191 2339 975 2378">
     <span class='ocr_line' id='line_1_101' title="bbox 191 2339 975 2378; baseline 0.008 -15"><span class='ocrx_word' id='word_1_668' title='bbox 191 2339 232 2378; x_wconf 39' lang='lat' dir='ltr'><strong>v‘ir</strong></span> <span class='ocrx_word' id='word_1_669' title='bbox 246 2339 333 2378; x_wconf 75' lang='lat' dir='ltr'><strong>bonus</strong></span> <span class='ocrx_word' id='word_1_670' title='bbox 347 2346 375 2368; x_wconf 90' lang='lat' dir='ltr'><strong>et</strong></span> <span class='ocrx_word' id='word_1_671' title='bbox 390 2343 489 2370; x_wconf 90' lang='lat' dir='ltr'><strong>tirneus</strong></span> <span class='ocrx_word' id='word_1_672' title='bbox 503 2339 598 2370; x_wconf 82' lang='lat' dir='ltr'><strong>Deum.</strong></span> <span class='ocrx_word' id='word_1_673' title='bbox 619 2339 690 2370; x_wconf 52' lang='grc' dir='ltr'><strong>[οἰκενί</strong></span> <span class='ocrx_word' id='word_1_674' title='bbox 703 2339 785 2370; x_wconf 75' lang='lat' dir='ltr'><strong>nimis</strong></span> <span class='ocrx_word' id='word_1_675' title='bbox 801 2342 902 2377; x_wconf 83' lang='lat' dir='ltr'><strong>ingenii</strong></span> <span class='ocrx_word' id='word_1_676' title='bbox 916 2339 975 2369; x_wconf 78' lang='lat' dir='ltr'><strong>fite-</strong></span> 
     </span>
    </p>
   </div>
   <div class='ocr_carea' id='block_1_101' title="bbox 190 2374 590 2405">
    <p class='ocr_par' dir='ltr' id='par_1_101' title="bbox 190 2374 590 2405">
     <span class='ocr_line' id='line_1_102' title="bbox 190 2374 590 2405; baseline 0.015 -6"><span class='ocrx_word' id='word_1_677' title='bbox 190 2374 235 2404; x_wconf 81' lang='lat' dir='ltr'><strong>rit.</strong></span> <span class='ocrx_word' id='word_1_678' title='bbox 254 2374 305 2402; x_wconf 91' lang='lat' dir='ltr'><strong>hoc</strong></span> <span class='ocrx_word' id='word_1_679' title='bbox 317 2376 348 2402; x_wconf 87' lang='lat' dir='ltr'><strong>de</strong></span> <span class='ocrx_word' id='word_1_680' title='bbox 361 2378 407 2403; x_wconf 89' lang='lat' dir='ltr'><strong>tali</strong></span> <span class='ocrx_word' id='word_1_681' title='bbox 423 2378 590 2405; x_wconf 80' lang='lat' dir='ltr'><strong>existimare.</strong></span> 
     </span>
    </p>
   </div>
   <div class='ocr_carea' id='block_1_102' title="bbox 226 2408 973 2448">
    <p class='ocr_par' dir='ltr' id='par_1_102' title="bbox 226 2408 973 2448">
     <span class='ocr_line' id='line_1_103' title="bbox 226 2408 973 2448; baseline 0.005 -14"><span class='ocrx_word' id='word_1_682' title='bbox 226 2408 364 2448; x_wconf 61' lang='lat' dir='ltr'><strong>Tractant</strong></span> <span class='ocrx_word' id='word_1_683' title='bbox 376 2413 427 2439; x_wconf 89' lang='lat' dir='ltr'><strong>hoc</strong></span> <span class='ocrx_word' id='word_1_684' title='bbox 452 2414 524 2440; x_wconf 84' lang='lat' dir='ltr'><strong>idem</strong></span> <span class='ocrx_word' id='word_1_685' title='bbox 545 2418 734 2448; x_wconf 76' lang='lat' dir='ltr'><strong>argumentum</strong></span> <span class='ocrx_word' id='word_1_686' title='bbox 761 2412 848 2440; x_wconf 88' lang='lat' dir='ltr'><strong>fusius</strong></span> <span class='ocrx_word' id='word_1_687' title='bbox 874 2412 973 2448; x_wconf 88' lang='lat' dir='ltr'><strong>partim</strong></span> 
     </span>
    </p>
   </div>
   <div class='ocr_carea' id='block_1_103' title="bbox 188 2443 973 2483">
    <p class='ocr_par' dir='ltr' id='par_1_103' title="bbox 188 2443 973 2483">
     <span class='ocr_line' id='line_1_104' title="bbox 188 2443 973 2483; baseline 0.005 -13"><span class='ocrx_word' id='word_1_688' title='bbox 188 2443 282 2483; x_wconf 57' lang='lat' dir='ltr'><strong>fittece</strong></span> <span class='ocrx_word' id='word_1_689' title='bbox 294 2444 322 2472; x_wconf 89' lang='lat' dir='ltr'><strong>S.</strong></span> <span class='ocrx_word' id='word_1_690' title='bbox 340 2446 486 2483; x_wconf 74' lang='lat' dir='ltr'><strong>Maximus.</strong></span> <span class='ocrx_word' id='word_1_691' title='bbox 503 2443 622 2482; x_wconf 73' lang='lat' dir='ltr'><strong>Operiirn</strong></span> <span class='ocrx_word' id='word_1_692' title='bbox 636 2449 748 2483; x_wconf 85' lang='lat' dir='ltr'><strong>hujusce</strong></span> <span class='ocrx_word' id='word_1_693' title='bbox 762 2449 834 2475; x_wconf 88' lang='lat' dir='ltr'><strong>beati</strong></span> <span class='ocrx_word' id='word_1_694' title='bbox 851 2443 973 2482; x_wconf 84' lang='lat' dir='ltr'><strong>Dionysii</strong></span> 
     </span>
    </p>
   </div>
   <div class='ocr_carea' id='block_1_104' title="bbox 190 2480 998 2523">
    <p class='ocr_par' dir='ltr' id='par_1_104' title="bbox 190 2480 998 2523">
     <span class='ocr_line' id='line_1_105' title="bbox 190 2480 998 2523; baseline 0.005 -19"><span class='ocrx_word' id='word_1_695' title='bbox 190 2480 336 2523; x_wconf 65' lang='lat' dir='ltr'><strong>interpres,</strong></span> <span class='ocrx_word' id='word_1_696' title='bbox 358 2481 388 2523; x_wconf 70' lang='lat' dir='ltr'><strong>in</strong></span> <span class='ocrx_word' id='word_1_697' title='bbox 415 2480 558 2523; x_wconf 71' lang='lat' dir='ltr'><strong>Prologo;_</strong></span> <span class='ocrx_word' id='word_1_698' title='bbox 580 2480 679 2523; x_wconf 67' lang='lat' dir='ltr'><strong>partim&#39;</strong></span> <span class='ocrx_word' id='word_1_699' title='bbox 707 2490 856 2523; x_wconf 66' lang='lat' dir='ltr'><strong>praeceptor</strong></span> <span class='ocrx_word' id='word_1_700' title='bbox 877 2480 975 2523; x_wconf 74' lang='lat' dir='ltr'><strong>noster</strong></span> <span class='ocrx_word' id='word_1_701' title='bbox 995 2502 998 2504; x_wconf 47' lang='grc' dir='ltr'><strong>ν</strong></span> 
     </span>
    </p>
   </div>
   <div class='ocr_carea' id='block_1_105' title="bbox 188 2512 972 2552">
    <p class='ocr_par' dir='ltr' id='par_1_105' title="bbox 188 2512 972 2552">
     <span class='ocr_line' id='line_1_106' title="bbox 188 2512 972 2552; baseline 0.005 -13"><span class='ocrx_word' id='word_1_702' title='bbox 188 2512 346 2552; x_wconf 50' lang='grc' dir='ltr'>μοοιιξινιιυε</span> <span class='ocrx_word' id='word_1_703' title='bbox 357 2516 467 2544; x_wconf 87' lang='lat' dir='ltr'><strong>Lessius</strong></span> <span class='ocrx_word' id='word_1_704' title='bbox 481 2512 632 2552; x_wconf 58' lang='lat' dir='ltr'><strong>iriqiisiola</strong></span> <span class='ocrx_word' id='word_1_705' title='bbox 646 2512 770 2546; x_wconf 66' lang='lat' dir='ltr'><strong>censoria</strong></span> <span class='ocrx_word' id='word_1_706' title='bbox 782 2512 864 2552; x_wconf 79' lang='lat' dir='ltr'><strong>super</strong></span> <span class='ocrx_word' id='word_1_707' title='bbox 877 2518 972 2544; x_wconf 89' lang='lat' dir='ltr'><strong>iisdem</strong></span> 
     </span>
    </p>
   </div>
   <div class='ocr_carea' id='block_1_106' title="bbox 187 2549 972 2588">
    <p class='ocr_par' dir='ltr' id='par_1_106' title="bbox 187 2549 972 2588">
     <span class='ocr_line' id='line_1_107' title="bbox 187 2549 972 2588; baseline 0.008 -14"><span class='ocrx_word' id='word_1_708' title='bbox 187 2549 437 2588; x_wconf 61' lang='lat' dir='ltr'><strong>Operibus§_qtt:tttr</strong></span> <span class='ocrx_word' id='word_1_709' title='bbox 451 2549 543 2580; x_wconf 66' lang='lat' dir='ltr'><strong>uoster</strong></span> <span class='ocrx_word' id='word_1_710' title='bbox 559 2554 654 2581; x_wconf 84' lang='lat' dir='ltr'><strong>Petrus</strong></span> <span class='ocrx_word' id='word_1_711' title='bbox 671 2549 827 2580; x_wconf 71' lang='lat' dir='ltr'><strong>Laussclius</strong></span> <span class='ocrx_word' id='word_1_712' title='bbox 840 2553 866 2578; x_wconf 93' lang='lat' dir='ltr'><strong>in</strong></span> <span class='ocrx_word' id='word_1_713' title='bbox 885 2553 972 2580; x_wconf 80' lang='lat' dir='ltr'><strong>lucem</strong></span> 
     </span>
    </p>
   </div>
   <div class='ocr_carea' id='block_1_107' title="bbox 188 2584 974 2624">
    <p class='ocr_par' dir='ltr' id='par_1_107' title="bbox 188 2584 974 2624">
     <span class='ocr_line' id='line_1_108' title="bbox 188 2584 974 2624; baseline 0.009 -16"><span class='ocrx_word' id='word_1_714' title='bbox 188 2584 310 2624; x_wconf 73' lang='lat' dir='ltr'><strong>protulit.</strong></span> <span class='ocrx_word' id='word_1_715' title='bbox 329 2584 382 2624; x_wconf 59' lang='lat' dir='ltr'><strong>Nec</strong></span> <span class='ocrx_word' id='word_1_716' title='bbox 396 2594 461 2614; x_wconf 87' lang='lat' dir='ltr'><strong>sane</strong></span> <span class='ocrx_word' id='word_1_717' title='bbox 475 2588 560 2624; x_wconf 83' lang='lat' dir='ltr'><strong>ullum</strong></span> <span class='ocrx_word' id='word_1_718' title='bbox 582 2594 769 2622; x_wconf 75' lang='lat' dir='ltr'><strong>argumentum</strong></span> <span class='ocrx_word' id='word_1_719' title='bbox 785 2593 826 2615; x_wconf 89' lang='lat' dir='ltr'><strong>cst.</strong></span> <span class='ocrx_word' id='word_1_720' title='bbox 837 2588 909 2614; x_wconf 86' lang='lat' dir='ltr'><strong>aliud</strong></span> <span class='ocrx_word' id='word_1_721' title='bbox 922 2588 974 2615; x_wconf 89' lang='lat' dir='ltr'><strong>isto</strong></span> 
     </span>
    </p>
   </div>
   <div class='ocr_carea' id='block_1_108' title="bbox 187 2618 973 2656">
    <p class='ocr_par' dir='ltr' id='par_1_108' title="bbox 187 2618 973 2656">
     <span class='ocr_line' id='line_1_109' title="bbox 187 2618 973 2656; baseline 0.008 -12"><span class='ocrx_word' id='word_1_722' title='bbox 187 2618 283 2656; x_wconf 80' lang='lat' dir='ltr'><strong>fortius</strong></span> <span class='ocrx_word' id='word_1_723' title='bbox 299 2625 324 2646; x_wconf 87' lang='lat' dir='ltr'><strong>et</strong></span> <span class='ocrx_word' id='word_1_724' title='bbox 336 2621 586 2656; x_wconf 77' lang='lat' dir='ltr'><strong>inexpugnabilius:</strong></span> <span class='ocrx_word' id='word_1_725' title='bbox 604 2618 679 2650; x_wconf 63' lang='lat' dir='ltr'><strong>iiaut</strong></span> <span class='ocrx_word' id='word_1_726' title='bbox 692 2623 757 2649; x_wconf 80' lang='lat' dir='ltr'><strong>nihtl</strong></span> <span class='ocrx_word' id='word_1_727' title='bbox 768 2624 886 2654; x_wconf 88' lang='lat' dir='ltr'><strong>videam,</strong></span> <span class='ocrx_word' id='word_1_728' title='bbox 901 2624 973 2656; x_wconf 93' lang='lat' dir='ltr'><strong>quod</strong></span> 
     </span>
    </p>
   </div>
   <div class='ocr_carea' id='block_1_109' title="bbox 186 2654 972 2695">
    <p class='ocr_par' dir='ltr' id='par_1_109' title="bbox 186 2654 972 2695">
     <span class='ocr_line' id='line_1_110' title="bbox 186 2654 972 2695; baseline 0.005 -15"><span class='ocrx_word' id='word_1_729' title='bbox 186 2654 285 2695; x_wconf 76' lang='lat' dir='ltr'><strong>saltem</strong></span> <span class='ocrx_word' id='word_1_730' title='bbox 303 2654 493 2695; x_wconf 78' lang='lat' dir='ltr'><strong>_probab_ilil.er</strong></span> <span class='ocrx_word' id='word_1_731' title='bbox 519 2659 552 2695; x_wconf 83' lang='lat' dir='ltr'><strong>ad</strong></span> <span class='ocrx_word' id='word_1_732' title='bbox 578 2659 637 2693; x_wconf 83' lang='lat' dir='ltr'><strong>ejus</strong></span> <span class='ocrx_word' id='word_1_733' title='bbox 665 2658 856 2695; x_wconf 87' lang='lat' dir='ltr'><strong>refutationem</strong></span> <span class='ocrx_word' id='word_1_734' title='bbox 883 2654 972 2695; x_wconf 71' lang='lat' dir='ltr'><strong>ati&#39;erri</strong></span> 
     </span>
    </p>
   </div>
   <div class='ocr_carea' id='block_1_110' title="bbox 205 2690 972 2727">
    <p class='ocr_par' dir='ltr' id='par_1_110' title="bbox 205 2690 972 2727">
     <span class='ocr_line' id='line_1_111' title="bbox 205 2690 972 2727; baseline 0.004 -12"><span class='ocrx_word' id='word_1_735' title='bbox 205 2690 283 2727; x_wconf 75' lang='lat' dir='ltr'><strong>ossit.</strong></span> <span class='ocrx_word' id='word_1_736' title='bbox 302 2690 368 2718; x_wconf 76' lang='lat' dir='ltr'><strong>Nam</strong></span> <span class='ocrx_word' id='word_1_737' title='bbox 391 2690 608 2719; x_wconf 80' lang='lat' dir='ltr'><strong>adversariorum</strong></span> <span class='ocrx_word' id='word_1_738' title='bbox 630 2693 798 2727; x_wconf 85' lang='lat' dir='ltr'><strong>argumentis</strong></span> <span class='ocrx_word' id='word_1_739' title='bbox 817 2693 972 2723; x_wconf 85' lang='lat' dir='ltr'><strong>ostendant,</strong></span> 
     </span>
    </p>
   </div>
   <div class='ocr_carea' id='block_1_111' title="bbox 209 2725 973 2762">
    <p class='ocr_par' dir='ltr' id='par_1_111' title="bbox 209 2725 973 2762">
     <span class='ocr_line' id='line_1_112' title="bbox 209 2725 973 2762; baseline 0.007 -13"><span class='ocrx_word' id='word_1_740' title='bbox 209 2731 242 2750; x_wconf 88' lang='lat' dir='ltr'><strong>eo</strong></span> <span class='ocrx_word' id='word_1_741' title='bbox 254 2725 333 2758; x_wconf 85' lang='lat' dir='ltr'><strong>duce,</strong></span> <span class='ocrx_word' id='word_1_742' title='bbox 348 2727 504 2760; x_wconf 88' lang='lat' dir='ltr'><strong>probabiles</strong></span> <span class='ocrx_word' id='word_1_743' title='bbox 519 2729 630 2754; x_wconf 88' lang='lat' dir='ltr'><strong>omnino</strong></span> <span class='ocrx_word' id='word_1_744' title='bbox 651 2725 782 2758; x_wconf 69' lang='lat' dir='ltr'><strong>rationes,</strong></span> <span class='ocrx_word' id='word_1_745' title='bbox 803 2733 831 2754; x_wconf 87' lang='lat' dir='ltr'><strong>et</strong></span> <span class='ocrx_word' id='word_1_746' title='bbox 851 2736 912 2762; x_wconf 82' lang='lat' dir='ltr'><strong>qua:</strong></span> <span class='ocrx_word' id='word_1_747' title='bbox 932 2727 973 2754; x_wconf 90' lang='lat' dir='ltr'><strong>lo—</strong></span> 
     </span>
    </p>
   </div>
   <div class='ocr_carea' id='block_1_112' title="bbox 185 2763 971 2797">
    <p class='ocr_par' dir='ltr' id='par_1_112' title="bbox 185 2763 971 2797">
     <span class='ocr_line' id='line_1_113' title="bbox 185 2763 971 2797; baseline 0.005 -13"><span class='ocrx_word' id='word_1_748' title='bbox 185 2765 248 2785; x_wconf 89' lang='lat' dir='ltr'><strong>cum</strong></span> <span class='ocrx_word' id='word_1_749' title='bbox 273 2767 346 2793; x_wconf 71' lang='lat' dir='ltr'><strong>stcpe</strong></span> <span class='ocrx_word' id='word_1_750' title='bbox 372 2763 398 2788; x_wconf 89' lang='lat' dir='ltr'><strong>in</strong></span> <span class='ocrx_word' id='word_1_751' title='bbox 424 2763 535 2797; x_wconf 70' lang='lat' dir='ltr'><strong>scriptis</strong></span> <span class='ocrx_word' id='word_1_752' title='bbox 558 2763 740 2797; x_wconf 87' lang='lat' dir='ltr'><strong>dijudicandis</strong></span> <span class='ocrx_word' id='word_1_753' title='bbox 763 2763 892 2794; x_wconf 84' lang='lat' dir='ltr'><strong>habeant,</strong></span> <span class='ocrx_word' id='word_1_754' title='bbox 920 2771 971 2789; x_wconf 91' lang='lat' dir='ltr'><strong>non</strong></span> 
     </span>
    </p>
   </div>
   <div class='ocr_carea' id='block_1_113' title="bbox 185 2796 973 2834">
    <p class='ocr_par' dir='ltr' id='par_1_113' title="bbox 185 2796 973 2834">
     <span class='ocr_line' id='line_1_114' title="bbox 185 2796 973 2834; baseline 0.008 -16"><span class='ocrx_word' id='word_1_755' title='bbox 185 2799 295 2834; x_wconf 37' lang='lat' dir='ltr'><strong>paucas“</strong></span> <span class='ocrx_word' id='word_1_756' title='bbox 304 2797 412 2830; x_wconf 84' lang='lat' dir='ltr'><strong>opponi.</strong></span> <span class='ocrx_word' id='word_1_757' title='bbox 433 2796 516 2833; x_wconf 65' lang='grc'><strong>548</strong></span> <span class='ocrx_word' id='word_1_758' title='bbox 535 2803 562 2825; x_wconf 83' lang='lat' dir='ltr'><strong>et</strong></span> <span class='ocrx_word' id='word_1_759' title='bbox 577 2796 624 2826; x_wconf 81' lang='lat' dir='ltr'><strong>eas</strong></span> <span class='ocrx_word' id='word_1_760' title='bbox 645 2799 792 2826; x_wconf 82' lang='lat' dir='ltr'><strong>moderatis</strong></span> <span class='ocrx_word' id='word_1_761' title='bbox 806 2799 915 2833; x_wconf 83' lang='lat' dir='ltr'><strong>quidem</strong></span> <span class='ocrx_word' id='word_1_762' title='bbox 932 2798 973 2825; x_wconf 85' lang='lat' dir='ltr'><strong>irt-</strong></span> 
     </span>
    </p>
   </div>
   <div class='ocr_carea' id='block_1_114' title="bbox 184 2829 714 2867">
    <p class='ocr_par' dir='ltr' id='par_1_114' title="bbox 184 2829 714 2867">
     <span class='ocr_line' id='line_1_115' title="bbox 184 2829 714 2867; baseline 0.015 -14"><span class='ocrx_word' id='word_1_763' title='bbox 184 2829 270 2867; x_wconf 81' lang='lat' dir='ltr'><strong>geniis</strong></span> <span class='ocrx_word' id='word_1_764' title='bbox 282 2829 372 2858; x_wconf 81' lang='lat' dir='ltr'><strong>facere</strong></span> <span class='ocrx_word' id='word_1_765' title='bbox 387 2829 456 2859; x_wconf 67' lang='lat' dir='ltr'><strong>satis</strong></span> <span class='ocrx_word' id='word_1_766' title='bbox 468 2829 547 2867; x_wconf 63' lang='lat' dir='ltr'><strong>po&#39;ssc</strong></span> <span class='ocrx_word' id='word_1_767' title='bbox 563 2838 590 2860; x_wconf 89' lang='lat' dir='ltr'><strong>ct</strong></span> <span class='ocrx_word' id='word_1_768' title='bbox 604 2835 714 2861; x_wconf 83' lang='lat' dir='ltr'><strong>debere.</strong></span> 
     </span>
    </p>
   </div>
   <div class='ocr_carea' id='block_1_115' title="bbox 185 2864 970 2904">
    <p class='ocr_par' dir='ltr' id='par_1_115' title="bbox 185 2864 970 2904">
     <span class='ocr_line' id='line_1_116' title="bbox 185 2864 970 2904; baseline 0.01 -16"><span class='ocrx_word' id='word_1_769' title='bbox 185 2864 347 2904; x_wconf 59' lang='lat' dir='ltr'><strong>Argumenta</strong></span> <span class='ocrx_word' id='word_1_770' title='bbox 361 2868 445 2900; x_wconf 69' lang='lat' dir='ltr'><strong>parlis</strong></span> <span class='ocrx_word' id='word_1_771' title='bbox 467 2864 584 2896; x_wconf 60' lang='lat' dir='ltr'><strong>adversa:</strong></span> <span class='ocrx_word' id='word_1_772' title='bbox 599 2878 658 2896; x_wconf 80' lang='lat' dir='ltr'><strong>cum</strong></span> <span class='ocrx_word' id='word_1_773' title='bbox 674 2878 766 2896; x_wconf 78' lang='lat' dir='ltr'><strong>eorum</strong></span> <span class='ocrx_word' id='word_1_774' title='bbox 780 2869 970 2898; x_wconf 70' lang='lat' dir='ltr'><strong>solutionibus.</strong></span> 
     </span>
    </p>
   </div>
   <div class='ocr_carea' id='block_1_116' title="bbox 219 2899 971 2937">
    <p class='ocr_par' dir='ltr' id='par_1_116' title="bbox 219 2899 971 2937">
     <span class='ocr_line' id='line_1_117' title="bbox 219 2899 971 2937; baseline 0.011 -11"><span class='ocrx_word' id='word_1_775' title='bbox 219 2899 247 2927; x_wconf 81' lang='lat' dir='ltr'><strong>in</strong></span> <span class='ocrx_word' id='word_1_776' title='bbox 263 2900 336 2928; x_wconf 84' lang='lat' dir='ltr'><strong>hisce</strong></span> <span class='ocrx_word' id='word_1_777' title='bbox 347 2903 512 2937; x_wconf 77' lang='lat' dir='ltr'><strong>argumentis</strong></span> <span class='ocrx_word' id='word_1_778' title='bbox 528 2911 574 2932; x_wconf 85' lang='lat' dir='ltr'><strong>seu</strong></span> <span class='ocrx_word' id='word_1_779' title='bbox 589 2905 738 2933; x_wconf 80' lang='lat' dir='ltr'><strong>referendis</strong></span> <span class='ocrx_word' id='word_1_780' title='bbox 751 2913 798 2933; x_wconf 84' lang='lat' dir='ltr'><strong>seu</strong></span> <span class='ocrx_word' id='word_1_781' title='bbox 816 2905 971 2934; x_wconf 79' lang='lat' dir='ltr'><strong>rclcllcndis</strong></span> 
     </span>
    </p>
   </div>
   <div class='ocr_carea' id='block_1_117' title="bbox 1034 1604 1819 1641">
    <p class='ocr_par' dir='ltr' id='par_1_117' title="bbox 1034 1604 1819 1641">
     <span class='ocr_line' id='line_1_118' title="bbox 1034 1604 1819 1641; baseline 0.001 -11"><span class='ocrx_word' id='word_1_782' title='bbox 1034 1607 1141 1641; x_wconf 84' lang='lat' dir='ltr'><strong>modum</strong></span> <span class='ocrx_word' id='word_1_783' title='bbox 1162 1612 1258 1634; x_wconf 90' lang='lat' dir='ltr'><strong>auctor</strong></span> <span class='ocrx_word' id='word_1_784' title='bbox 1274 1607 1331 1641; x_wconf 89' lang='lat' dir='ltr'><strong>ipse</strong></span> <span class='ocrx_word' id='word_1_785' title='bbox 1354 1604 1496 1641; x_wconf 78' lang='lat' dir='ltr'><strong>optaverat</strong></span> <span class='ocrx_word' id='word_1_786' title='bbox 1511 1609 1537 1632; x_wconf 89' lang='lat' dir='ltr'><strong>et</strong></span> <span class='ocrx_word' id='word_1_787' title='bbox 1554 1604 1750 1640; x_wconf 83' lang='lat' dir='ltr'><strong>postulaverat)</strong></span> <span class='ocrx_word' id='word_1_788' title='bbox 1768 1615 1819 1631; x_wconf 88' lang='lat' dir='ltr'><strong>nn-</strong></span> 
     </span>
    </p>
   </div>
   <div class='ocr_carea' id='block_1_118' title="bbox 1032 1639 1821 1677">
    <p class='ocr_par' dir='ltr' id='par_1_118' title="bbox 1032 1639 1821 1677">
     <span class='ocr_line' id='line_1_119' title="bbox 1032 1639 1821 1677; baseline 0 -11"><span class='ocrx_word' id='word_1_789' title='bbox 1032 1639 1141 1668; x_wconf 83' lang='lat' dir='ltr'><strong>iucrnnt</strong></span> <span class='ocrx_word' id='word_1_790' title='bbox 1155 1643 1234 1677; x_wconf 83' lang='lat' dir='ltr'><strong>vulgo</strong></span> <span class='ocrx_word' id='word_1_791' title='bbox 1251 1639 1312 1669; x_wconf 79' lang='lat' dir='ltr'><strong>esse</strong></span> <span class='ocrx_word' id='word_1_792' title='bbox 1327 1639 1416 1672; x_wconf 78' lang='lat' dir='ltr'><strong>notos,</strong></span> <span class='ocrx_word' id='word_1_793' title='bbox 1433 1643 1478 1668; x_wconf 84' lang='lat' dir='ltr'><strong>sed</strong></span> <span class='ocrx_word' id='word_1_794' title='bbox 1495 1645 1598 1667; x_wconf 89' lang='lat' dir='ltr'><strong>tanttun</strong></span> <span class='ocrx_word' id='word_1_795' title='bbox 1613 1639 1821 1677; x_wconf 7' lang='lat' dir='ltr'><strong>pcnesqpontili-</strong></span> 
     </span>
    </p>
   </div>
   <div class='ocr_carea' id='block_1_119' title="bbox 1031 1675 1820 1711">
    <p class='ocr_par' dir='ltr' id='par_1_119' title="bbox 1031 1675 1820 1711">
     <span class='ocr_line' id='line_1_120' title="bbox 1031 1675 1820 1711; baseline 0.001 -10"><span class='ocrx_word' id='word_1_796' title='bbox 1031 1682 1077 1702; x_wconf 82' lang='lat' dir='ltr'><strong>ces</strong></span> <span class='ocrx_word' id='word_1_797' title='bbox 1090 1675 1214 1711; x_wconf 57' lang='lat' dir='ltr'><strong>reperiri:</strong></span> <span class='ocrx_word' id='word_1_798' title='bbox 1224 1677 1357 1709; x_wconf 87' lang='lat' dir='ltr'><strong>Secundo,</strong></span> <span class='ocrx_word' id='word_1_799' title='bbox 1369 1677 1432 1711; x_wconf 88' lang='lat' dir='ltr'><strong>quia</strong></span> <span class='ocrx_word' id='word_1_800' title='bbox 1443 1677 1592 1710; x_wconf 85' lang='lat' dir='ltr'><strong>scriptores</strong></span> <span class='ocrx_word' id='word_1_801' title='bbox 1602 1675 1705 1708; x_wconf 89' lang='lat' dir='ltr'><strong>antiqui</strong></span> <span class='ocrx_word' id='word_1_802' title='bbox 1720 1681 1820 1710; x_wconf 79' lang='lat' dir='ltr'><strong>pnelcr</strong></span> 
     </span>
    </p>
   </div>
   <div class='ocr_carea' id='block_1_120' title="bbox 1032 1710 1816 1744">
    <p class='ocr_par' dir='ltr' id='par_1_120' title="bbox 1032 1710 1816 1744">
     <span class='ocr_line' id='line_1_121' title="bbox 1032 1710 1816 1744; baseline 0 -8"><span class='ocrx_word' id='word_1_803' title='bbox 1032 1710 1200 1744; x_wconf 39' lang='lat' dir='ltr'><strong>Script&#39;uram</strong></span> <span class='ocrx_word' id='word_1_804' title='bbox 1223 1720 1330 1739; x_wconf 89' lang='lat' dir='ltr'><strong>sacram</strong></span> <span class='ocrx_word' id='word_1_805' title='bbox 1355 1710 1398 1739; x_wconf 78' lang='lat' dir='ltr'><strong>vix</strong></span> <span class='ocrx_word' id='word_1_806' title='bbox 1423 1711 1491 1738; x_wconf 87' lang='lat' dir='ltr'><strong>ullos</strong></span> <span class='ocrx_word' id='word_1_807' title='bbox 1507 1710 1630 1738; x_wconf 88' lang='lat' dir='ltr'><strong>citabaut</strong></span> <span class='ocrx_word' id='word_1_808' title='bbox 1653 1711 1816 1736; x_wconf 87' lang='lat' dir='ltr'><strong>nominatim</strong></span> 
     </span>
    </p>
   </div>
   <div class='ocr_carea' id='block_1_121' title="bbox 1031 1745 1818 1780">
    <p class='ocr_par' dir='ltr' id='par_1_121' title="bbox 1031 1745 1818 1780">
     <span class='ocr_line' id='line_1_122' title="bbox 1031 1745 1818 1780; baseline 0.003 -10"><span class='ocrx_word' id='word_1_809' title='bbox 1031 1751 1175 1780; x_wconf 85' lang='lat' dir='ltr'><strong>auctores;</strong></span> <span class='ocrx_word' id='word_1_810' title='bbox 1189 1752 1236 1774; x_wconf 86' lang='lat' dir='ltr'><strong>aut</strong></span> <span class='ocrx_word' id='word_1_811' title='bbox 1251 1748 1274 1775; x_wconf 91' lang='lat' dir='ltr'><strong>si</strong></span> <span class='ocrx_word' id='word_1_812' title='bbox 1288 1747 1436 1778; x_wconf 86' lang='lat' dir='ltr'><strong>faciebant,</strong></span> <span class='ocrx_word' id='word_1_813' title='bbox 1450 1747 1475 1772; x_wconf 91' lang='lat' dir='ltr'><strong>id</strong></span> <span class='ocrx_word' id='word_1_814' title='bbox 1492 1746 1548 1772; x_wconf 70' lang='lat' dir='ltr'><strong>fere</strong></span> <span class='ocrx_word' id='word_1_815' title='bbox 1562 1745 1728 1777; x_wconf 66' lang='lat' dir='ltr'><strong>necessario,</strong></span> <span class='ocrx_word' id='word_1_816' title='bbox 1743 1751 1771 1771; x_wconf 89' lang='lat' dir='ltr'><strong>et</strong></span> <span class='ocrx_word' id='word_1_817' title='bbox 1783 1747 1818 1772; x_wconf 91' lang='lat' dir='ltr'><strong>ad</strong></span> 
     </span>
    </p>
   </div>
   <div class='ocr_carea' id='block_1_122' title="bbox 1031 1779 1816 1814">
    <p class='ocr_par' dir='ltr' id='par_1_122' title="bbox 1031 1779 1816 1814">
     <span class='ocr_line' id='line_1_123' title="bbox 1031 1779 1816 1814; baseline 0 -8"><span class='ocrx_word' id='word_1_818' title='bbox 1031 1781 1210 1810; x_wconf 86' lang='lat' dir='ltr'><strong>revinccndos</strong></span> <span class='ocrx_word' id='word_1_819' title='bbox 1225 1784 1367 1810; x_wconf 67' lang='lat' dir='ltr'><strong>harreticos</strong></span> <span class='ocrx_word' id='word_1_820' title='bbox 1381 1781 1530 1810; x_wconf 82' lang='lat' dir='ltr'><strong>faciebant.</strong></span> <span class='ocrx_word' id='word_1_821' title='bbox 1549 1781 1586 1807; x_wconf 79' lang='lat' dir='ltr'><strong>At:</strong></span> <span class='ocrx_word' id='word_1_822' title='bbox 1603 1779 1730 1814; x_wconf 84' lang='lat' dir='ltr'><strong>proinde,</strong></span> <span class='ocrx_word' id='word_1_823' title='bbox 1752 1788 1816 1807; x_wconf 89' lang='lat' dir='ltr'><strong>cum</strong></span> 
     </span>
    </p>
   </div>
   <div class='ocr_carea' id='block_1_123' title="bbox 1030 1816 1819 1853">
    <p class='ocr_par' dir='ltr' id='par_1_123' title="bbox 1030 1816 1819 1853">
     <span class='ocr_line' id='line_1_124' title="bbox 1030 1816 1819 1853; baseline -0.003 -9"><span class='ocrx_word' id='word_1_824' title='bbox 1030 1822 1164 1853; x_wconf 60' lang='lat' dir='ltr'><strong>ew,_quas</strong></span> <span class='ocrx_word' id='word_1_825' title='bbox 1183 1818 1326 1853; x_wconf 87' lang='lat' dir='ltr'><strong>Dionysius</strong></span> <span class='ocrx_word' id='word_1_826' title='bbox 1347 1817 1486 1848; x_wconf 86' lang='lat' dir='ltr'><strong>tractavit,</strong></span> <span class='ocrx_word' id='word_1_827' title='bbox 1501 1817 1634 1853; x_wconf 69' lang='lat' dir='ltr'><strong>materiae,</strong></span> <span class='ocrx_word' id='word_1_828' title='bbox 1656 1819 1693 1853; x_wconf 84' lang='lat' dir='ltr'><strong>ut_</strong></span> <span class='ocrx_word' id='word_1_829' title='bbox 1705 1816 1739 1841; x_wconf 90' lang='lat' dir='ltr'><strong>de</strong></span> <span class='ocrx_word' id='word_1_830' title='bbox 1762 1822 1819 1853; x_wconf 56' lang='lat' dir='ltr'><strong>ca;—</strong></span> 
     </span>
    </p>
   </div>
   <div class='ocr_carea' id='block_1_124' title="bbox 1029 1849 1819 1882">
    <p class='ocr_par' dir='ltr' id='par_1_124' title="bbox 1029 1849 1819 1882">
     <span class='ocr_line' id='line_1_125' title="bbox 1029 1849 1819 1882; baseline 0.001 -5"><span class='ocrx_word' id='word_1_831' title='bbox 1029 1849 1152 1882; x_wconf 21' lang='lat' dir='ltr'><strong>lcsti,rde</strong></span> <span class='ocrx_word' id='word_1_832' title='bbox 1176 1849 1360 1880; x_wconf 63' lang='lat' dir='ltr'><strong>ecclcSiastica</strong></span> <span class='ocrx_word' id='word_1_833' title='bbox 1378 1851 1544 1882; x_wconf 82' lang='lat' dir='ltr'><strong>hicrarchia,</strong></span> <span class='ocrx_word' id='word_1_834' title='bbox 1562 1852 1595 1876; x_wconf 85' lang='lat' dir='ltr'><strong>de</strong></span> <span class='ocrx_word' id='word_1_835' title='bbox 1610 1849 1710 1876; x_wconf 87' lang='lat' dir='ltr'><strong>divinis</strong></span> <span class='ocrx_word' id='word_1_836' title='bbox 1731 1851 1819 1878; x_wconf 86' lang='lat' dir='ltr'><strong>norni-</strong></span> 
     </span>
    </p>
   </div>
   <div class='ocr_carea' id='block_1_125' title="bbox 1031 1886 1818 1921">
    <p class='ocr_par' dir='ltr' id='par_1_125' title="bbox 1031 1886 1818 1921">
     <span class='ocr_line' id='line_1_126' title="bbox 1031 1886 1818 1921; baseline -0.003 -9"><span class='ocrx_word' id='word_1_837' title='bbox 1031 1886 1198 1919; x_wconf 89' lang='lat' dir='ltr'><strong>nibus,etc.,</strong></span> <span class='ocrx_word' id='word_1_838' title='bbox 1214 1888 1281 1914; x_wconf 90' lang='lat' dir='ltr'><strong>nihil</strong></span> <span class='ocrx_word' id='word_1_839' title='bbox 1291 1888 1348 1914; x_wconf 75' lang='lat' dir='ltr'><strong>fere</strong></span> <span class='ocrx_word' id='word_1_840' title='bbox 1359 1891 1406 1914; x_wconf 89' lang='lat' dir='ltr'><strong>atIt</strong></span> <span class='ocrx_word' id='word_1_841' title='bbox 1418 1894 1512 1921; x_wconf 88' lang='lat' dir='ltr'><strong>parum</strong></span> <span class='ocrx_word' id='word_1_842' title='bbox 1525 1886 1656 1912; x_wconf 83' lang='lat' dir='ltr'><strong>adversus</strong></span> <span class='ocrx_word' id='word_1_843' title='bbox 1669 1890 1818 1921; x_wconf 77' lang='lat' dir='ltr'><strong>regnantes</strong></span> 
     </span>
    </p>
   </div>
   <div class='ocr_carea' id='block_1_126' title="bbox 1029 1920 1816 1953">
    <p class='ocr_par' dir='ltr' id='par_1_126' title="bbox 1029 1920 1816 1953">
     <span class='ocr_line' id='line_1_127' title="bbox 1029 1920 1816 1953; baseline -0.001 -6"><span class='ocrx_word' id='word_1_844' title='bbox 1029 1925 1088 1947; x_wconf 87' lang='lat' dir='ltr'><strong>tum</strong></span> <span class='ocrx_word' id='word_1_845' title='bbox 1108 1923 1226 1950; x_wconf 70' lang='lat' dir='ltr'><strong>hmrescs</strong></span> <span class='ocrx_word' id='word_1_846' title='bbox 1242 1923 1375 1953; x_wconf 85' lang='lat' dir='ltr'><strong>facerent,</strong></span> <span class='ocrx_word' id='word_1_847' title='bbox 1391 1920 1424 1949; x_wconf 79' lang='lat' dir='ltr'><strong>ac</strong></span> <span class='ocrx_word' id='word_1_848' title='bbox 1437 1926 1491 1948; x_wconf 85' lang='lat' dir='ltr'><strong>tota</strong></span> <span class='ocrx_word' id='word_1_849' title='bbox 1508 1920 1564 1947; x_wconf 88' lang='lat' dir='ltr'><strong>fere</strong></span> <span class='ocrx_word' id='word_1_850' title='bbox 1578 1920 1727 1946; x_wconf 87' lang='lat' dir='ltr'><strong>certamina</strong></span> <span class='ocrx_word' id='word_1_851' title='bbox 1742 1921 1816 1946; x_wconf 79' lang='lat' dir='ltr'><strong>circa</strong></span> 
     </span>
    </p>
   </div>
   <div class='ocr_carea' id='block_1_127' title="bbox 1030 1955 1817 1993">
    <p class='ocr_par' dir='ltr' id='par_1_127' title="bbox 1030 1955 1817 1993">
     <span class='ocr_line' id='line_1_128' title="bbox 1030 1955 1817 1993; baseline -0.009 -7"><span class='ocrx_word' id='word_1_852' title='bbox 1030 1955 1187 1993; x_wconf 56' lang='lat' dir='ltr'><strong>scripturas</strong></span> <span class='ocrx_word' id='word_1_853' title='bbox 1205 1966 1300 1985; x_wconf 82' lang='lat' dir='ltr'><strong>sacras</strong></span> <span class='ocrx_word' id='word_1_854' title='bbox 1323 1961 1519 1993; x_wconf 79' lang='lat' dir='ltr'><strong>versarentur,</strong></span> <span class='ocrx_word' id='word_1_855' title='bbox 1540 1960 1567 1982; x_wconf 88' lang='lat' dir='ltr'><strong>ct</strong></span> <span class='ocrx_word' id='word_1_856' title='bbox 1590 1962 1628 1982; x_wconf 66' lang='lat' dir='ltr'><strong>ca!</strong></span> <span class='ocrx_word' id='word_1_857' title='bbox 1647 1956 1774 1993; x_wconf 76' lang='lat' dir='ltr'><strong>utrinque</strong></span> <span class='ocrx_word' id='word_1_858' title='bbox 1791 1958 1817 1993; x_wconf 71' lang='lat' dir='ltr'><strong>in</strong></span> 
     </span>
    </p>
   </div>
   <div class='ocr_carea' id='block_1_128' title="bbox 1030 1990 1818 2025">
    <p class='ocr_par' dir='ltr' id='par_1_128' title="bbox 1030 1990 1818 2025">
     <span class='ocr_line' id='line_1_129' title="bbox 1030 1990 1818 2025; baseline -0.006 -4"><span class='ocrx_word' id='word_1_859' title='bbox 1030 1990 1206 2021; x_wconf 74' lang='lat' dir='ltr'><strong>adversarios</strong></span> <span class='ocrx_word' id='word_1_860' title='bbox 1229 1993 1400 2020; x_wconf 73' lang='lat' dir='ltr'><strong>densissima:</strong></span> <span class='ocrx_word' id='word_1_861' title='bbox 1419 1992 1651 2025; x_wconf 79' lang='lat' dir='ltr'><strong>intorquerentur,</strong></span> <span class='ocrx_word' id='word_1_862' title='bbox 1672 1990 1739 2016; x_wconf 86' lang='lat' dir='ltr'><strong>nihil</strong></span> <span class='ocrx_word' id='word_1_863' title='bbox 1762 1991 1818 2018; x_wconf 89' lang='lat' dir='ltr'><strong>loci</strong></span> 
     </span>
    </p>
   </div>
   <div class='ocr_carea' id='block_1_129' title="bbox 1029 2025 1814 2064">
    <p class='ocr_par' dir='ltr' id='par_1_129' title="bbox 1029 2025 1814 2064">
     <span class='ocr_line' id='line_1_130' title="bbox 1029 2025 1814 2064; baseline -0.005 -8"><span class='ocrx_word' id='word_1_864' title='bbox 1029 2025 1206 2064; x_wconf 59' lang='lat' dir='ltr'><strong>inferioribus</strong></span> <span class='ocrx_word' id='word_1_865' title='bbox 1216 2028 1372 2056; x_wconf 89' lang='lat' dir='ltr'><strong>auctoribus</strong></span> <span class='ocrx_word' id='word_1_866' title='bbox 1389 2027 1600 2064; x_wconf 59' lang='lat' dir='ltr'><strong>relinquebatur.</strong></span> <span class='ocrx_word' id='word_1_867' title='bbox 1622 2026 1698 2064; x_wconf 41' lang='lat' dir='ltr'><strong>.Quin</strong></span> <span class='ocrx_word' id='word_1_868' title='bbox 1724 2030 1751 2051; x_wconf 86' lang='lat' dir='ltr'><strong>et</strong></span> <span class='ocrx_word' id='word_1_869' title='bbox 1781 2027 1814 2052; x_wconf 78' lang='grc' dir='ltr'><strong>ὃ.</strong></span> 
     </span>
    </p>
   </div>
   <div class='ocr_carea' id='block_1_130' title="bbox 1028 2060 1817 2097">
    <p class='ocr_par' dir='ltr' id='par_1_130' title="bbox 1028 2060 1817 2097">
     <span class='ocr_line' id='line_1_131' title="bbox 1028 2060 1817 2097; baseline -0.004 -7"><span class='ocrx_word' id='word_1_870' title='bbox 1028 2061 1206 2097; x_wconf 57' lang='lat' dir='ltr'><strong>Athanasius,</strong></span> <span class='ocrx_word' id='word_1_871' title='bbox 1219 2068 1319 2097; x_wconf 87' lang='lat' dir='ltr'><strong>quarto</strong></span> <span class='ocrx_word' id='word_1_872' title='bbox 1332 2063 1423 2089; x_wconf 89' lang='lat' dir='ltr'><strong>seculo</strong></span> <span class='ocrx_word' id='word_1_873' title='bbox 1439 2062 1572 2097; x_wconf 66' lang='lat' dir='ltr'><strong>scriptor,</strong></span> <span class='ocrx_word' id='word_1_874' title='bbox 1582 2060 1699 2097; x_wconf 81' lang='lat' dir='ltr'><strong>Ariauos</strong></span> <span class='ocrx_word' id='word_1_875' title='bbox 1715 2067 1817 2094; x_wconf 78' lang='lat' dir='ltr'><strong>repre-</strong></span> 
     </span>
    </p>
   </div>
   <div class='ocr_carea' id='block_1_131' title="bbox 1028 2095 1816 2133">
    <p class='ocr_par' dir='ltr' id='par_1_131' title="bbox 1028 2095 1816 2133">
     <span class='ocr_line' id='line_1_132' title="bbox 1028 2095 1816 2133; baseline -0.003 -9"><span class='ocrx_word' id='word_1_876' title='bbox 1028 2095 1132 2133; x_wconf 73' lang='lat' dir='ltr'><strong>hendit,</strong></span> <span class='ocrx_word' id='word_1_877' title='bbox 1149 2095 1335 2133; x_wconf 25' lang='lat' dir='ltr'><strong>quod‘praatcr</strong></span> <span class='ocrx_word' id='word_1_878' title='bbox 1348 2097 1540 2133; x_wconf 81' lang='lat' dir='ltr'><strong>auctoritatem</strong></span> <span class='ocrx_word' id='word_1_879' title='bbox 1557 2095 1759 2129; x_wconf 87' lang='lat' dir='ltr'><strong>Scripturarutn</strong></span> <span class='ocrx_word' id='word_1_880' title='bbox 1781 2096 1816 2122; x_wconf 87' lang='lat' dir='ltr'><strong>ad</strong></span> 
     </span>
    </p>
   </div>
   <div class='ocr_carea' id='block_1_132' title="bbox 1028 2131 1817 2168">
    <p class='ocr_par' dir='ltr' id='par_1_132' title="bbox 1028 2131 1817 2168">
     <span class='ocr_line' id='line_1_133' title="bbox 1028 2131 1817 2168; baseline -0.003 -11"><span class='ocrx_word' id='word_1_881' title='bbox 1028 2131 1097 2160; x_wconf 89' lang='lat' dir='ltr'><strong>alios</strong></span> <span class='ocrx_word' id='word_1_882' title='bbox 1115 2131 1223 2168; x_wconf 82' lang='lat' dir='ltr'><strong>quoque</strong></span> <span class='ocrx_word' id='word_1_883' title='bbox 1237 2131 1364 2160; x_wconf 80' lang='lat' dir='ltr'><strong>auctores</strong></span> <span class='ocrx_word' id='word_1_884' title='bbox 1383 2132 1499 2168; x_wconf 65' lang='lat' dir='ltr'><strong>praesidii</strong></span> <span class='ocrx_word' id='word_1_885' title='bbox 1512 2138 1602 2168; x_wconf 17' lang='lat' dir='ltr'><strong>rcausa</strong></span> <span class='ocrx_word' id='word_1_886' title='bbox 1621 2134 1817 2168; x_wconf 32' lang='lat' dir='ltr'><strong>converterent</strong></span> 
     </span>
    </p>
   </div>
   <div class='ocr_carea' id='block_1_133' title="bbox 1027 2165 1815 2203">
    <p class='ocr_par' dir='ltr' id='par_1_133' title="bbox 1027 2165 1815 2203">
     <span class='ocr_line' id='line_1_134' title="bbox 1027 2165 1815 2203; baseline -0.001 -10"><span class='ocrx_word' id='word_1_887' title='bbox 1027 2170 1082 2203; x_wconf 69' lang='lat' dir='ltr'><strong>tur.</strong></span> <span class='ocrx_word' id='word_1_888' title='bbox 1109 2165 1162 2196; x_wconf 82' lang='lat' dir='ltr'><strong>Nec</strong></span> <span class='ocrx_word' id='word_1_889' title='bbox 1180 2165 1246 2203; x_wconf 73' lang='lat' dir='ltr'><strong>ipse</strong></span> <span class='ocrx_word' id='word_1_890' title='bbox 1268 2165 1458 2203; x_wconf 43' lang='lat' dir='ltr'><strong>quidem-usus</strong></span> <span class='ocrx_word' id='word_1_891' title='bbox 1481 2167 1564 2192; x_wconf 77' lang='lat' dir='ltr'><strong>fuisse</strong></span> <span class='ocrx_word' id='word_1_892' title='bbox 1585 2165 1745 2203; x_wconf 84' lang='lat' dir='ltr'><strong>reperitur,_</strong></span> <span class='ocrx_word' id='word_1_893' title='bbox 1760 2166 1815 2192; x_wconf 88' lang='lat' dir='ltr'><strong>nisi</strong></span> 
     </span>
    </p>
   </div>
   <div class='ocr_carea' id='block_1_134' title="bbox 1028 2201 1817 2239">
    <p class='ocr_par' dir='ltr' id='par_1_134' title="bbox 1028 2201 1817 2239">
     <span class='ocr_line' id='line_1_135' title="bbox 1028 2201 1817 2239; baseline -0.004 -9"><span class='ocrx_word' id='word_1_894' title='bbox 1028 2201 1099 2239; x_wconf 73' lang='lat' dir='ltr'><strong>forte</strong></span> <span class='ocrx_word' id='word_1_895' title='bbox 1111 2206 1134 2232; x_wconf 89' lang='lat' dir='ltr'><strong>si</strong></span> <span class='ocrx_word' id='word_1_896' title='bbox 1150 2201 1204 2239; x_wconf 83' lang='lat' dir='ltr'><strong>ipsi</strong></span> <span class='ocrx_word' id='word_1_897' title='bbox 1224 2201 1374 2231; x_wconf 78' lang='lat' dir='ltr'><strong>adversarii</strong></span> <span class='ocrx_word' id='word_1_898' title='bbox 1397 2203 1503 2239; x_wconf 82' lang='lat' dir='ltr'><strong>aliquos</strong></span> <span class='ocrx_word' id='word_1_899' title='bbox 1520 2201 1817 2239; x_wconf 50' lang='lat' dir='ltr'><strong>tnagnteauctoritatis</strong></span> 
     </span>
    </p>
   </div>
   <div class='ocr_carea' id='block_1_135' title="bbox 1030 2235 1817 2274">
    <p class='ocr_par' dir='ltr' id='par_1_135' title="bbox 1030 2235 1817 2274">
     <span class='ocr_line' id='line_1_136' title="bbox 1030 2235 1817 2274; baseline -0.004 -9"><span class='ocrx_word' id='word_1_900' title='bbox 1030 2237 1103 2274; x_wconf 63' lang='lat' dir='ltr'><strong>viros</strong></span> <span class='ocrx_word' id='word_1_901' title='bbox 1121 2235 1170 2274; x_wconf 79' lang='lat' dir='ltr'><strong>pro</strong></span> <span class='ocrx_word' id='word_1_902' title='bbox 1191 2247 1220 2266; x_wconf 87' lang='lat' dir='ltr'><strong>se</strong></span> <span class='ocrx_word' id='word_1_903' title='bbox 1245 2243 1431 2272; x_wconf 85' lang='lat' dir='ltr'><strong>usurpassent.</strong></span> <span class='ocrx_word' id='word_1_904' title='bbox 1445 2235 1503 2274; x_wconf 30' lang='lat' dir='ltr'><strong>illa</strong></span> <span class='ocrx_word' id='word_1_905' title='bbox 1517 2244 1590 2261; x_wconf 81' lang='lat' dir='ltr'><strong>enim</strong></span> <span class='ocrx_word' id='word_1_906' title='bbox 1613 2235 1760 2274; x_wconf 74' lang='lat' dir='ltr'><strong>Origenem</strong></span> <span class='ocrx_word' id='word_1_907' title='bbox 1789 2241 1817 2262; x_wconf 83' lang='lat' dir='ltr'><strong>ct</strong></span> 
     </span>
    </p>
   </div>
   <div class='ocr_carea' id='block_1_136' title="bbox 1029 2270 1813 2312">
    <p class='ocr_par' dir='ltr' id='par_1_136' title="bbox 1029 2270 1813 2312">
     <span class='ocr_line' id='line_1_137' title="bbox 1029 2270 1813 2312; baseline -0.001 -14"><span class='ocrx_word' id='word_1_908' title='bbox 1029 2270 1187 2312; x_wconf 74' lang='lat' dir='ltr'><strong>Dionysium</strong></span> <span class='ocrx_word' id='word_1_909' title='bbox 1201 2270 1415 2312; x_wconf 74' lang='lat' dir='ltr'><strong>Alexandrinum</strong></span> <span class='ocrx_word' id='word_1_910' title='bbox 1428 2273 1462 2299; x_wconf 89' lang='lat' dir='ltr'><strong>ab</strong></span> <span class='ocrx_word' id='word_1_911' title='bbox 1477 2270 1540 2302; x_wconf 89' lang='lat' dir='ltr'><strong>illis,</strong></span> <span class='ocrx_word' id='word_1_912' title='bbox 1556 2275 1585 2312; x_wconf 65' lang='lat' dir='ltr'><strong>ut</strong></span> <span class='ocrx_word' id='word_1_913' title='bbox 1596 2271 1813 2312; x_wconf 37' lang='lat' dir='ltr'><strong>suae-opinionis,</strong></span> 
     </span>
    </p>
   </div>
   <div class='ocr_carea' id='block_1_137' title="bbox 1029 2305 1816 2343">
    <p class='ocr_par' dir='ltr' id='par_1_137' title="bbox 1029 2305 1816 2343">
     <span class='ocr_line' id='line_1_138' title="bbox 1029 2305 1816 2343; baseline -0.003 -9"><span class='ocrx_word' id='word_1_914' title='bbox 1029 2305 1182 2337; x_wconf 81' lang='lat' dir='ltr'><strong>vindicatos</strong></span> <span class='ocrx_word' id='word_1_915' title='bbox 1195 2309 1305 2343; x_wconf 88' lang='lat' dir='ltr'><strong>eripuit,</strong></span> <span class='ocrx_word' id='word_1_916' title='bbox 1329 2309 1474 2342; x_wconf 90' lang='lat' dir='ltr'><strong>docuitque</strong></span> <span class='ocrx_word' id='word_1_917' title='bbox 1491 2314 1545 2332; x_wconf 92' lang='lat' dir='ltr'><strong>non</strong></span> <span class='ocrx_word' id='word_1_918' title='bbox 1566 2306 1676 2332; x_wconf 77' lang='lat' dir='ltr'><strong>Arianis</strong></span> <span class='ocrx_word' id='word_1_919' title='bbox 1699 2305 1761 2332; x_wconf 81' lang='lat' dir='ltr'><strong>illos</strong></span> <span class='ocrx_word' id='word_1_920' title='bbox 1779 2308 1816 2332; x_wconf 81' lang='lat' dir='ltr'><strong>fa-</strong></span> 
     </span>
    </p>
   </div>
   <div class='ocr_carea' id='block_1_138' title="bbox 1030 2344 1335 2376">
    <p class='ocr_par' dir='ltr' id='par_1_138' title="bbox 1030 2344 1335 2376">
     <span class='ocr_line' id='line_1_139' title="bbox 1030 2344 1335 2376; baseline -0.003 -6"><span class='ocrx_word' id='word_1_921' title='bbox 1030 2350 1104 2376; x_wconf 86' lang='lat' dir='ltr'><strong>vere,</strong></span> <span class='ocrx_word' id='word_1_922' title='bbox 1121 2345 1167 2372; x_wconf 86' lang='lat' dir='ltr'><strong>sed</strong></span> <span class='ocrx_word' id='word_1_923' title='bbox 1182 2344 1335 2372; x_wconf 86' lang='lat' dir='ltr'><strong>catholicis.</strong></span> 
     </span>
    </p>
   </div>
   <div class='ocr_carea' id='block_1_139' title="bbox 1063 2375 1813 2415">
    <p class='ocr_par' dir='ltr' id='par_1_139' title="bbox 1063 2375 1813 2415">
     <span class='ocr_line' id='line_1_140' title="bbox 1063 2375 1813 2415; baseline -0.008 -8"><span class='ocrx_word' id='word_1_924' title='bbox 1063 2375 1104 2406; x_wconf 79' lang='lat' dir='ltr'><strong>Ad</strong></span> <span class='ocrx_word' id='word_1_925' title='bbox 1121 2380 1276 2407; x_wconf 82' lang='lat' dir='ltr'><strong>Secundum</strong></span> <span class='ocrx_word' id='word_1_926' title='bbox 1291 2378 1373 2415; x_wconf 64' lang='lat' dir='ltr'><strong>(quod</strong></span> <span class='ocrx_word' id='word_1_927' title='bbox 1395 2377 1450 2415; x_wconf 55' lang='lat' dir='ltr'><strong>fere</strong></span> <span class='ocrx_word' id='word_1_928' title='bbox 1469 2380 1510 2415; x_wconf 77' lang='lat' dir='ltr'><strong>cst</strong></span> <span class='ocrx_word' id='word_1_929' title='bbox 1526 2376 1625 2415; x_wconf 64' lang='lat' dir='ltr'><strong>prioris</strong></span> <span class='ocrx_word' id='word_1_930' title='bbox 1645 2375 1813 2415; x_wconf 71' lang='lat' dir='ltr'><strong>corrobora-</strong></span> 
     </span>
    </p>
   </div>
   <div class='ocr_carea' id='block_1_140' title="bbox 1029 2410 1813 2449">
    <p class='ocr_par' dir='ltr' id='par_1_140' title="bbox 1029 2410 1813 2449">
     <span class='ocr_line' id='line_1_141' title="bbox 1029 2410 1813 2449; baseline -0.004 -9"><span class='ocrx_word' id='word_1_931' title='bbox 1029 2414 1078 2448; x_wconf 86' lang='lat' dir='ltr'><strong>tio)</strong></span> <span class='ocrx_word' id='word_1_932' title='bbox 1094 2415 1282 2449; x_wconf 87' lang='lat' dir='ltr'><strong>respondetur,</strong></span> <span class='ocrx_word' id='word_1_933' title='bbox 1296 2410 1380 2440; x_wconf 83' lang='lat' dir='ltr'><strong>libros</strong></span> <span class='ocrx_word' id='word_1_934' title='bbox 1395 2413 1455 2439; x_wconf 89' lang='lat' dir='ltr'><strong>illos</strong></span> <span class='ocrx_word' id='word_1_935' title='bbox 1469 2412 1580 2449; x_wconf 76' lang='lat' dir='ltr'><strong>latuisse</strong></span> <span class='ocrx_word' id='word_1_936' title='bbox 1592 2410 1750 2449; x_wconf 87' lang='lat' dir='ltr'><strong>Eusebium,</strong></span> <span class='ocrx_word' id='word_1_937' title='bbox 1766 2415 1813 2437; x_wconf 84' lang='lat' dir='ltr'><strong>aut</strong></span> 
     </span>
    </p>
   </div>
   <div class='ocr_carea' id='block_1_141' title="bbox 1029 2447 1811 2484">
    <p class='ocr_par' dir='ltr' id='par_1_141' title="bbox 1029 2447 1811 2484">
     <span class='ocr_line' id='line_1_142' title="bbox 1029 2447 1811 2484; baseline -0.004 -9"><span class='ocrx_word' id='word_1_938' title='bbox 1029 2447 1150 2484; x_wconf 73' lang='lat' dir='ltr'><strong>noluisse</strong></span> <span class='ocrx_word' id='word_1_939' title='bbox 1163 2455 1274 2484; x_wconf 91' lang='lat' dir='ltr'><strong>propter</strong></span> <span class='ocrx_word' id='word_1_940' title='bbox 1287 2449 1388 2475; x_wconf 77' lang='lat' dir='ltr'><strong>dit-tam</strong></span> <span class='ocrx_word' id='word_1_941' title='bbox 1403 2447 1526 2484; x_wconf 77' lang='lat' dir='ltr'><strong>superius</strong></span> <span class='ocrx_word' id='word_1_942' title='bbox 1542 2454 1652 2484; x_wconf 75' lang='lat' dir='ltr'><strong>causam</strong></span> <span class='ocrx_word' id='word_1_943' title='bbox 1666 2447 1811 2484; x_wconf 76' lang='lat' dir='ltr'><strong>evulgare.</strong></span> 
     </span>
    </p>
   </div>
   <div class='ocr_carea' id='block_1_142' title="bbox 1027 2481 1814 2520">
    <p class='ocr_par' dir='ltr' id='par_1_142' title="bbox 1027 2481 1814 2520">
     <span class='ocr_line' id='line_1_143' title="bbox 1027 2481 1814 2520; baseline -0.006 -9"><span class='ocrx_word' id='word_1_944' title='bbox 1027 2482 1093 2520; x_wconf 71' lang='lat' dir='ltr'><strong>Nam</strong></span> <span class='ocrx_word' id='word_1_945' title='bbox 1107 2481 1178 2520; x_wconf 77' lang='lat' dir='ltr'><strong>quod</strong></span> <span class='ocrx_word' id='word_1_946' title='bbox 1193 2481 1276 2518; x_wconf 88' lang='lat' dir='ltr'><strong>aliqui</strong></span> <span class='ocrx_word' id='word_1_947' title='bbox 1290 2484 1380 2520; x_wconf 83' lang='lat' dir='ltr'><strong>dicant</strong></span> <span class='ocrx_word' id='word_1_948' title='bbox 1393 2481 1454 2509; x_wconf 86' lang='lat' dir='ltr'><strong>eum</strong></span> <span class='ocrx_word' id='word_1_949' title='bbox 1473 2482 1567 2520; x_wconf 80' lang='lat' dir='ltr'><strong>fraude</strong></span> <span class='ocrx_word' id='word_1_950' title='bbox 1580 2482 1605 2508; x_wconf 93' lang='lat' dir='ltr'><strong>id</strong></span> <span class='ocrx_word' id='word_1_951' title='bbox 1623 2481 1730 2520; x_wconf 77' lang='lat' dir='ltr'><strong>fecisse,</strong></span> <span class='ocrx_word' id='word_1_952' title='bbox 1746 2489 1814 2507; x_wconf 87' lang='lat' dir='ltr'><strong>eon-</strong></span> 
     </span>
    </p>
   </div>
   <div class='ocr_carea' id='block_1_143' title="bbox 1029 2516 1812 2555">
    <p class='ocr_par' dir='ltr' id='par_1_143' title="bbox 1029 2516 1812 2555">
     <span class='ocr_line' id='line_1_144' title="bbox 1029 2516 1812 2555; baseline -0.003 -12"><span class='ocrx_word' id='word_1_953' title='bbox 1029 2516 1122 2555; x_wconf 75' lang='lat' dir='ltr'><strong>vitiuni</strong></span> <span class='ocrx_word' id='word_1_954' title='bbox 1142 2524 1215 2555; x_wconf 92' lang='lat' dir='ltr'><strong>puto.</strong></span> <span class='ocrx_word' id='word_1_955' title='bbox 1232 2516 1421 2555; x_wconf 63' lang='lat' dir='ltr'><strong>Nequccuim,</strong></span> <span class='ocrx_word' id='word_1_956' title='bbox 1436 2517 1559 2555; x_wconf 75' lang='lat' dir='ltr'><strong>quamvis</strong></span> <span class='ocrx_word' id='word_1_957' title='bbox 1575 2523 1622 2555; x_wconf 74' lang='lat' dir='ltr'><strong>eos</strong></span> <span class='ocrx_word' id='word_1_958' title='bbox 1632 2516 1812 2555; x_wconf 67' lang='lat' dir='ltr'><strong>habuissent,</strong></span> 
     </span>
    </p>
   </div>
   <div class='ocr_carea' id='block_1_144' title="bbox 1027 2551 1813 2586">
    <p class='ocr_par' dir='ltr' id='par_1_144' title="bbox 1027 2551 1813 2586">
     <span class='ocr_line' id='line_1_145' title="bbox 1027 2551 1813 2586; baseline -0.005 -6"><span class='ocrx_word' id='word_1_959' title='bbox 1027 2554 1065 2581; x_wconf 85' lang='lat' dir='ltr'><strong>uti</strong></span> <span class='ocrx_word' id='word_1_960' title='bbox 1081 2555 1132 2582; x_wconf 89' lang='lat' dir='ltr'><strong>illis</strong></span> <span class='ocrx_word' id='word_1_961' title='bbox 1142 2551 1450 2582; x_wconf 37' lang='lat' dir='ltr'><strong>catholiciuoluissent.</strong></span> <span class='ocrx_word' id='word_1_962' title='bbox 1463 2552 1531 2586; x_wconf 86' lang='lat' dir='ltr'><strong>Quid</strong></span> <span class='ocrx_word' id='word_1_963' title='bbox 1546 2553 1617 2578; x_wconf 90' lang='lat' dir='ltr'><strong>enim</strong></span> <span class='ocrx_word' id='word_1_964' title='bbox 1632 2551 1666 2576; x_wconf 87' lang='lat' dir='ltr'><strong>ibi</strong></span> <span class='ocrx_word' id='word_1_965' title='bbox 1683 2555 1738 2576; x_wconf 80' lang='lat' dir='ltr'><strong>tarn</strong></span> <span class='ocrx_word' id='word_1_966' title='bbox 1753 2551 1813 2577; x_wconf 83' lang='lat' dir='ltr'><strong>cla-</strong></span> 
     </span>
    </p>
   </div>
   <div class='ocr_carea' id='block_1_145' title="bbox 1026 2587 1812 2624">
    <p class='ocr_par' dir='ltr' id='par_1_145' title="bbox 1026 2587 1812 2624">
     <span class='ocr_line' id='line_1_146' title="bbox 1026 2587 1812 2624; baseline -0.003 -10"><span class='ocrx_word' id='word_1_967' title='bbox 1026 2597 1084 2615; x_wconf 89' lang='lat' dir='ltr'><strong>rutn</strong></span> <span class='ocrx_word' id='word_1_968' title='bbox 1097 2599 1145 2624; x_wconf 86' lang='lat' dir='ltr'><strong>pro</strong></span> <span class='ocrx_word' id='word_1_969' title='bbox 1161 2590 1260 2617; x_wconf 76' lang='lat' dir='ltr'><strong>Christi</strong></span> <span class='ocrx_word' id='word_1_970' title='bbox 1279 2594 1379 2615; x_wconf 65' lang='lat' dir='ltr'><strong>:t&#39;tcrna</strong></span> <span class='ocrx_word' id='word_1_971' title='bbox 1395 2589 1547 2618; x_wconf 79' lang='lat' dir='ltr'><strong>divinitate,</strong></span> <span class='ocrx_word' id='word_1_972' title='bbox 1560 2587 1633 2620; x_wconf 88' lang='lat' dir='ltr'><strong>quod</strong></span> <span class='ocrx_word' id='word_1_973' title='bbox 1652 2593 1704 2624; x_wconf 76' lang='lat' dir='ltr'><strong>non</strong></span> <span class='ocrx_word' id='word_1_974' title='bbox 1724 2589 1812 2624; x_wconf 75' lang='lat' dir='ltr'><strong>tltnlto</strong></span> 
     </span>
    </p>
   </div>
   <div class='ocr_carea' id='block_1_146' title="bbox 1024 2621 1812 2658">
    <p class='ocr_par' dir='ltr' id='par_1_146' title="bbox 1024 2621 1812 2658">
     <span class='ocr_line' id='line_1_147' title="bbox 1024 2621 1812 2658; baseline -0.001 -9"><span class='ocrx_word' id='word_1_975' title='bbox 1024 2621 1126 2652; x_wconf 81' lang='lat' dir='ltr'><strong>clarius</strong></span> <span class='ocrx_word' id='word_1_976' title='bbox 1142 2627 1168 2652; x_wconf 93' lang='lat' dir='ltr'><strong>in</strong></span> <span class='ocrx_word' id='word_1_977' title='bbox 1190 2625 1341 2658; x_wconf 80' lang='lat' dir='ltr'><strong>Scripturis</strong></span> <span class='ocrx_word' id='word_1_978' title='bbox 1362 2624 1448 2650; x_wconf 72' lang='lat' dir='ltr'><strong>sacris</strong></span> <span class='ocrx_word' id='word_1_979' title='bbox 1471 2628 1628 2648; x_wconf 87' lang='lat' dir='ltr'><strong>contentum</strong></span> <span class='ocrx_word' id='word_1_980' title='bbox 1649 2621 1705 2658; x_wconf 54' lang='lat' dir='ltr'><strong>sit?</strong></span> <span class='ocrx_word' id='word_1_981' title='bbox 1729 2622 1812 2648; x_wconf 77' lang='lat' dir='ltr'><strong>Certe</strong></span> 
     </span>
    </p>
   </div>
   <div class='ocr_carea' id='block_1_147' title="bbox 1025 2657 1812 2692">
    <p class='ocr_par' dir='ltr' id='par_1_147' title="bbox 1025 2657 1812 2692">
     <span class='ocr_line' id='line_1_148' title="bbox 1025 2657 1812 2692; baseline -0.004 -8"><span class='ocrx_word' id='word_1_982' title='bbox 1025 2660 1051 2684; x_wconf 92' lang='lat' dir='ltr'><strong>in</strong></span> <span class='ocrx_word' id='word_1_983' title='bbox 1068 2664 1141 2687; x_wconf 84' lang='lat' dir='ltr'><strong>tanta</strong></span> <span class='ocrx_word' id='word_1_984' title='bbox 1157 2660 1310 2687; x_wconf 82' lang='lat' dir='ltr'><strong>divinatum</strong></span> <span class='ocrx_word' id='word_1_985' title='bbox 1327 2659 1531 2692; x_wconf 81' lang='lat' dir='ltr'><strong>Scripturarnm</strong></span> <span class='ocrx_word' id='word_1_986' title='bbox 1545 2664 1688 2691; x_wconf 87' lang='lat' dir='ltr'><strong>utramque</strong></span> <span class='ocrx_word' id='word_1_987' title='bbox 1701 2657 1728 2683; x_wconf 93' lang='lat' dir='ltr'><strong>in</strong></span> <span class='ocrx_word' id='word_1_988' title='bbox 1746 2664 1812 2692; x_wconf 39' lang='lat' dir='ltr'><strong>pars</strong></span> 
     </span>
    </p>
   </div>
   <div class='ocr_carea' id='block_1_148' title="bbox 1025 2691 1811 2730">
    <p class='ocr_par' dir='ltr' id='par_1_148' title="bbox 1025 2691 1811 2730">
     <span class='ocr_line' id='line_1_149' title="bbox 1025 2691 1811 2730; baseline -0.005 -8"><span class='ocrx_word' id='word_1_989' title='bbox 1025 2699 1077 2720; x_wconf 83' lang='lat' dir='ltr'><strong>lem</strong></span> <span class='ocrx_word' id='word_1_990' title='bbox 1097 2697 1175 2730; x_wconf 86' lang='lat' dir='ltr'><strong>copia</strong></span> <span class='ocrx_word' id='word_1_991' title='bbox 1203 2695 1285 2721; x_wconf 83' lang='lat' dir='ltr'><strong>nimis</strong></span> <span class='ocrx_word' id='word_1_992' title='bbox 1311 2691 1432 2728; x_wconf 86' lang='lat' dir='ltr'><strong>putidum</strong></span> <span class='ocrx_word' id='word_1_993' title='bbox 1459 2693 1545 2730; x_wconf 68' lang='lat' dir='ltr'><strong>visum</strong></span> <span class='ocrx_word' id='word_1_994' title='bbox 1570 2697 1622 2730; x_wconf 69' lang='lat' dir='ltr'><strong>est,</strong></span> <span class='ocrx_word' id='word_1_995' title='bbox 1646 2693 1729 2730; x_wconf 80' lang='lat' dir='ltr'><strong>etiam</strong></span> <span class='ocrx_word' id='word_1_996' title='bbox 1757 2691 1811 2724; x_wconf 81' lang='lat' dir='ltr'><strong>ipsi</strong></span> 
     </span>
    </p>
   </div>
   <div class='ocr_carea' id='block_1_149' title="bbox 1023 2727 1810 2764">
    <p class='ocr_par' dir='ltr' id='par_1_149' title="bbox 1023 2727 1810 2764">
     <span class='ocr_line' id='line_1_150' title="bbox 1023 2727 1810 2764; baseline -0.004 -9"><span class='ocrx_word' id='word_1_997' title='bbox 1023 2727 1184 2764; x_wconf 49' lang='lat' dir='ltr'><strong>Albana-sio,</strong></span> <span class='ocrx_word' id='word_1_998' title='bbox 1207 2737 1236 2756; x_wconf 89' lang='lat' dir='ltr'><strong>ut</strong></span> <span class='ocrx_word' id='word_1_999' title='bbox 1257 2727 1317 2764; x_wconf 77' lang='lat' dir='ltr'><strong>jam</strong></span> <span class='ocrx_word' id='word_1_1000' title='bbox 1333 2729 1386 2755; x_wconf 77' lang='lat' dir='ltr'><strong>dixi</strong></span> <span class='ocrx_word' id='word_1_1001' title='bbox 1405 2727 1536 2764; x_wconf 77' lang='lat' dir='ltr'><strong>debiliora</strong></span> <span class='ocrx_word' id='word_1_1002' title='bbox 1557 2728 1608 2754; x_wconf 83' lang='lat' dir='ltr'><strong>tela</strong></span> <span class='ocrx_word' id='word_1_1003' title='bbox 1626 2727 1810 2764; x_wconf 74' lang='lat' dir='ltr'><strong>perquirere.</strong></span> 
     </span>
    </p>
   </div>
   <div class='ocr_carea' id='block_1_150' title="bbox 1024 2762 1811 2795">
    <p class='ocr_par' dir='ltr' id='par_1_150' title="bbox 1024 2762 1811 2795">
     <span class='ocr_line' id='line_1_151' title="bbox 1024 2762 1811 2795; baseline -0.004 -6"><span class='ocrx_word' id='word_1_1004' title='bbox 1024 2763 1090 2791; x_wconf 80' lang='lat' dir='ltr'><strong>Nam</strong></span> <span class='ocrx_word' id='word_1_1005' title='bbox 1106 2774 1156 2793; x_wconf 90' lang='lat' dir='ltr'><strong>nec</strong></span> <span class='ocrx_word' id='word_1_1006' title='bbox 1179 2762 1287 2792; x_wconf 76' lang='lat' dir='ltr'><strong>beatum</strong></span> <span class='ocrx_word' id='word_1_1007' title='bbox 1305 2765 1443 2795; x_wconf 80' lang='lat' dir='ltr'><strong>Ircmcum,</strong></span> <span class='ocrx_word' id='word_1_1008' title='bbox 1461 2762 1521 2789; x_wconf 72' lang='lat' dir='ltr'><strong>Filii</strong></span> <span class='ocrx_word' id='word_1_1009' title='bbox 1540 2771 1600 2790; x_wconf 82' lang='lat' dir='ltr'><strong>Clllll</strong></span> <span class='ocrx_word' id='word_1_1010' title='bbox 1625 2762 1706 2789; x_wconf 85' lang='lat' dir='ltr'><strong>Patre</strong></span> <span class='ocrx_word' id='word_1_1011' title='bbox 1728 2767 1811 2788; x_wconf 75' lang='lat' dir='ltr'><strong>teter-</strong></span> 
     </span>
    </p>
   </div>
   <div class='ocr_carea' id='block_1_151' title="bbox 1024 2798 1811 2832">
    <p class='ocr_par' dir='ltr' id='par_1_151' title="bbox 1024 2798 1811 2832">
     <span class='ocr_line' id='line_1_152' title="bbox 1024 2798 1811 2832; baseline -0.004 -8"><span class='ocrx_word' id='word_1_1012' title='bbox 1024 2807 1085 2826; x_wconf 83' lang='lat' dir='ltr'><strong>natn</strong></span> <span class='ocrx_word' id='word_1_1013' title='bbox 1112 2800 1332 2828; x_wconf 73' lang='lat' dir='ltr'><strong>coexsismntiarn</strong></span> <span class='ocrx_word' id='word_1_1014' title='bbox 1356 2799 1509 2825; x_wconf 82' lang='lat' dir='ltr'><strong>clarissime</strong></span> <span class='ocrx_word' id='word_1_1015' title='bbox 1537 2799 1707 2832; x_wconf 81' lang='lat' dir='ltr'><strong>professum,</strong></span> <span class='ocrx_word' id='word_1_1016' title='bbox 1738 2798 1811 2823; x_wconf 84' lang='lat' dir='ltr'><strong>libro</strong></span> 
     </span>
    </p>
   </div>
   <div class='ocr_carea' id='block_1_152' title="bbox 1024 2834 1770 2868">
    <p class='ocr_par' dir='ltr' id='par_1_152' title="bbox 1024 2834 1770 2868">
     <span class='ocr_line' id='line_1_153' title="bbox 1024 2834 1770 2868; baseline -0.001 -8"><span class='ocrx_word' id='word_1_1017' title='bbox 1024 2835 1155 2863; x_wconf 69' lang='lat' dir='ltr'><strong>Adversus</strong></span> <span class='ocrx_word' id='word_1_1018' title='bbox 1167 2837 1278 2862; x_wconf 76' lang='lat' dir='ltr'><strong>Ita&#39;reses</strong></span> <span class='ocrx_word' id='word_1_1019' title='bbox 1294 2842 1323 2867; x_wconf 85' lang='lat' dir='ltr'><strong>tt,</strong></span> <span class='ocrx_word' id='word_1_1020' title='bbox 1335 2843 1395 2868; x_wconf 81' lang='lat' dir='ltr'><strong>cap.</strong></span> <span class='ocrx_word' id='word_1_1021' title='bbox 1414 2834 1456 2864; x_wconf 85' lang='lat'><strong>55,</strong></span> <span class='ocrx_word' id='word_1_1022' title='bbox 1471 2839 1498 2859; x_wconf 78' lang='lat' dir='ltr'><strong>et.</strong></span> <span class='ocrx_word' id='word_1_1023' title='bbox 1513 2834 1590 2865; x_wconf 79' lang='lat' dir='ltr'><strong>alibi,</strong></span> <span class='ocrx_word' id='word_1_1024' title='bbox 1603 2834 1770 2860; x_wconf 84' lang='lat' dir='ltr'><strong>citaverunt.</strong></span> 
     </span>
    </p>
   </div>
   <div class='ocr_carea' id='block_1_153' title="bbox 1059 2869 1810 2904">
    <p class='ocr_par' dir='ltr' id='par_1_153' title="bbox 1059 2869 1810 2904">
     <span class='ocr_line' id='line_1_154' title="bbox 1059 2869 1810 2904; baseline 0 -8"><span class='ocrx_word' id='word_1_1025' title='bbox 1059 2872 1134 2903; x_wconf 79' lang='lat' dir='ltr'><strong>Quod</strong></span> <span class='ocrx_word' id='word_1_1026' title='bbox 1151 2876 1242 2897; x_wconf 78' lang='lat' dir='ltr'><strong>autem</strong></span> <span class='ocrx_word' id='word_1_1027' title='bbox 1256 2871 1421 2904; x_wconf 82' lang='lat' dir='ltr'><strong>rcspoudcut</strong></span> <span class='ocrx_word' id='word_1_1028' title='bbox 1437 2869 1559 2903; x_wconf 83' lang='lat' dir='ltr'><strong>quidam,</strong></span> <span class='ocrx_word' id='word_1_1029' title='bbox 1578 2871 1705 2903; x_wconf 78' lang='lat' dir='ltr'><strong>quamvis</strong></span> <span class='ocrx_word' id='word_1_1030' title='bbox 1723 2869 1810 2896; x_wconf 70' lang='lat' dir='ltr'><strong>Euse-</strong></span> 
     </span>
    </p>
   </div>
   <div class='ocr_carea' id='block_1_154' title="bbox 1024 2905 1810 2940">
    <p class='ocr_par' dir='ltr' id='par_1_154' title="bbox 1024 2905 1810 2940">
     <span class='ocr_line' id='line_1_155' title="bbox 1024 2905 1810 2940; baseline 0 -7"><span class='ocrx_word' id='word_1_1031' title='bbox 1024 2905 1082 2933; x_wconf 85' lang='lat' dir='ltr'><strong>bius</strong></span> <span class='ocrx_word' id='word_1_1032' title='bbox 1101 2913 1152 2934; x_wconf 80' lang='lat' dir='ltr'><strong>non</strong></span> <span class='ocrx_word' id='word_1_1033' title='bbox 1167 2907 1332 2939; x_wconf 80' lang='lat' dir='ltr'><strong>meminerit,</strong></span> <span class='ocrx_word' id='word_1_1034' title='bbox 1345 2911 1434 2932; x_wconf 78' lang='lat' dir='ltr'><strong>tatncu</strong></span> <span class='ocrx_word' id='word_1_1035' title='bbox 1448 2905 1590 2940; x_wconf 67' lang='lat' dir='ltr'><strong>(trigonem</strong></span> <span class='ocrx_word' id='word_1_1036' title='bbox 1603 2910 1630 2932; x_wconf 83' lang='lat' dir='ltr'><strong>ct</strong></span> <span class='ocrx_word' id='word_1_1037' title='bbox 1648 2905 1810 2940; x_wconf 80' lang='lat' dir='ltr'><strong>Dionysium</strong></span> 
     </span>
    </p>
   </div>
  </div>
