  <div class='ocr_page' id='page_1' title='image "/cluster/home/n/w/nwhite01/storage/ocr_20150623/4/njp.32101010944526/469.png"; bbox 0 0 1929 3092; ppageno 0'>
   <div class='ocr_carea' id='block_1_1' title="bbox 196 144 247 171">
    <p class='ocr_par' dir='ltr' id='par_1_1' title="bbox 196 144 247 171">
     <span class='ocr_line' id='line_1_1' title="bbox 196 144 247 171; baseline -0.02 0"><span class='ocrx_word' id='word_1_1' title='bbox 196 144 247 171; x_wconf 71' lang='lat'><strong>505</strong></span> 
     </span>
    </p>
   </div>
   <div class='ocr_carea' id='block_1_2' title="bbox 574 136 1415 171">
    <p class='ocr_par' dir='ltr' id='par_1_2' title="bbox 574 136 1415 171">
     <span class='ocr_line' id='line_1_2' title="bbox 574 136 1415 171; baseline -0.001 -1"><span class='ocrx_word' id='word_1_2' title='bbox 574 144 617 170; x_wconf 83' lang='lat' dir='ltr'><strong>DE</strong></span> <span class='ocrx_word' id='word_1_3' title='bbox 635 144 662 171; x_wconf 88' lang='lat' dir='ltr'><strong>S.</strong></span> <span class='ocrx_word' id='word_1_4' title='bbox 682 143 828 171; x_wconf 71' lang='lat' dir='ltr'><strong>DiONYSll</strong></span> <span class='ocrx_word' id='word_1_5' title='bbox 844 138 1074 171; x_wconf 72' lang='grc' dir='ltr'><strong>ΑΒΕΟΡΑΟΙΤᾸΞ</strong></span> <span class='ocrx_word' id='word_1_6' title='bbox 1102 143 1182 170; x_wconf 78' lang='lat' dir='ltr'><strong>VlTA</strong></span> <span class='ocrx_word' id='word_1_7' title='bbox 1200 136 1242 170; x_wconf 79' lang='grc' dir='ltr'><strong>ΕΤ</strong></span> <span class='ocrx_word' id='word_1_8' title='bbox 1260 138 1415 171; x_wconf 78' lang='lat' dir='ltr'><strong>SCRIPTlS</strong></span> 
     </span>
    </p>
   </div>
   <div class='ocr_carea' id='block_1_3' title="bbox 1773 137 1828 168">
    <p class='ocr_par' dir='ltr' id='par_1_3' title="bbox 1773 137 1828 168">
     <span class='ocr_line' id='line_1_3' title="bbox 1773 137 1828 168; baseline 0 0"><span class='ocrx_word' id='word_1_9' title='bbox 1773 137 1828 168; x_wconf 67' lang='lat'><strong>904</strong></span> 
     </span>
    </p>
   </div>
   <div class='ocr_carea' id='block_1_4' title="bbox 196 200 1826 238">
    <p class='ocr_par' dir='ltr' id='par_1_4' title="bbox 196 200 1826 238">
     <span class='ocr_line' id='line_1_4' title="bbox 196 200 1826 238; baseline -0.003 -7"><span class='ocrx_word' id='word_1_10' title='bbox 196 204 346 238; x_wconf 80' lang='lat' dir='ltr'><strong>Apollinari</strong></span> <span class='ocrx_word' id='word_1_11' title='bbox 359 204 493 231; x_wconf 76' lang='lat' dir='ltr'><strong>catholico</strong></span> <span class='ocrx_word' id='word_1_12' title='bbox 505 208 531 230; x_wconf 90' lang='lat' dir='ltr'><strong>et</strong></span> <span class='ocrx_word' id='word_1_13' title='bbox 542 211 657 230; x_wconf 88' lang='lat' dir='ltr'><strong>sancto:</strong></span> <span class='ocrx_word' id='word_1_14' title='bbox 673 211 722 230; x_wconf 84' lang='lat' dir='ltr'><strong>nec</strong></span> <span class='ocrx_word' id='word_1_15' title='bbox 739 204 812 230; x_wconf 85' lang='lat' dir='ltr'><strong>enim</strong></span> <span class='ocrx_word' id='word_1_16' title='bbox 826 208 899 230; x_wconf 86' lang='lat' dir='ltr'><strong>esset</strong></span> <span class='ocrx_word' id='word_1_17' title='bbox 922 204 984 230; x_wconf 75' lang='lat' dir='ltr'><strong>talis</strong></span> <span class='ocrx_word' id='word_1_18' title='bbox 1000 209 1019 234; x_wconf 76' lang='grc' dir='ltr'><strong>Α</strong></span> <span class='ocrx_word' id='word_1_19' title='bbox 1037 203 1108 229; x_wconf 83' lang='lat' dir='ltr'><strong>licus</strong></span> <span class='ocrx_word' id='word_1_20' title='bbox 1124 208 1162 233; x_wconf 91' lang='lat' dir='ltr'><strong>in,</strong></span> <span class='ocrx_word' id='word_1_21' title='bbox 1182 203 1296 229; x_wconf 76' lang='lat' dir='ltr'><strong>ostende</strong></span> <span class='ocrx_word' id='word_1_22' title='bbox 1318 203 1478 229; x_wconf 83' lang='lat' dir='ltr'><strong>alterutrum</strong></span> <span class='ocrx_word' id='word_1_23' title='bbox 1493 209 1500 228; x_wconf 90' lang='lat'><strong><em>:</em></strong></span> <span class='ocrx_word' id='word_1_24' title='bbox 1520 200 1560 228; x_wconf 85' lang='lat' dir='ltr'><strong>vel</strong></span> <span class='ocrx_word' id='word_1_25' title='bbox 1579 200 1662 238; x_wconf 74' lang='lat' dir='ltr'><strong>quod</strong></span> <span class='ocrx_word' id='word_1_26' title='bbox 1677 207 1761 238; x_wconf 75' lang='lat' dir='ltr'><strong>vane,</strong></span> <span class='ocrx_word' id='word_1_27' title='bbox 1781 202 1826 238; x_wconf 64' lang='lat' dir='ltr'><strong>vel</strong></span> 
     </span>
    </p>
   </div>
   <div class='ocr_carea' id='block_1_5' title="bbox 198 239 982 274">
    <p class='ocr_par' dir='ltr' id='par_1_5' title="bbox 198 239 982 274">
     <span class='ocr_line' id='line_1_5' title="bbox 198 239 982 274; baseline -0.001 -9"><span class='ocrx_word' id='word_1_28' title='bbox 198 240 261 271; x_wconf 85' lang='lat' dir='ltr'><strong>viri,</strong></span> <span class='ocrx_word' id='word_1_29' title='bbox 276 239 379 274; x_wconf 79' lang='lat' dir='ltr'><strong>ﬁngere</strong></span> <span class='ocrx_word' id='word_1_30' title='bbox 396 247 425 266; x_wconf 87' lang='lat' dir='ltr'><strong>se</strong></span> <span class='ocrx_word' id='word_1_31' title='bbox 437 239 512 265; x_wconf 86' lang='lat' dir='ltr'><strong>Pauli</strong></span> <span class='ocrx_word' id='word_1_32' title='bbox 528 239 699 272; x_wconf 86' lang='lat' dir='ltr'><strong>discipulum,</strong></span> <span class='ocrx_word' id='word_1_33' title='bbox 718 239 888 265; x_wconf 89' lang='lat' dir='ltr'><strong>comminisci</strong></span> <span class='ocrx_word' id='word_1_34' title='bbox 910 239 982 265; x_wconf 81' lang='lat' dir='ltr'><strong>facta</strong></span> 
     </span>
    </p>
   </div>
   <div class='ocr_carea' id='block_1_6' title="bbox 198 273 985 308">
    <p class='ocr_par' dir='ltr' id='par_1_6' title="bbox 198 273 985 308">
     <span class='ocr_line' id='line_1_6' title="bbox 198 273 985 308; baseline -0.001 -8"><span class='ocrx_word' id='word_1_35' title='bbox 198 282 270 305; x_wconf 82' lang='lat' dir='ltr'><strong>esse,</strong></span> <span class='ocrx_word' id='word_1_36' title='bbox 286 273 346 306; x_wconf 73' lang='lat' dir='ltr'><strong>alue</strong></span> <span class='ocrx_word' id='word_1_37' title='bbox 362 281 497 308; x_wconf 85' lang='lat' dir='ltr'><strong>nunquam</strong></span> <span class='ocrx_word' id='word_1_38' title='bbox 520 274 590 300; x_wconf 88' lang='lat' dir='ltr'><strong>facta</strong></span> <span class='ocrx_word' id='word_1_39' title='bbox 607 274 671 305; x_wconf 86' lang='lat' dir='ltr'><strong>sint,</strong></span> <span class='ocrx_word' id='word_1_40' title='bbox 697 274 825 300; x_wconf 84' lang='lat' dir='ltr'><strong>nimirum</strong></span> <span class='ocrx_word' id='word_1_41' title='bbox 849 281 879 298; x_wconf 81' lang='lat' dir='ltr'><strong>se</strong></span> <span class='ocrx_word' id='word_1_42' title='bbox 900 273 985 299; x_wconf 82' lang='lat' dir='ltr'><strong>inter-</strong></span> 
     </span>
    </p>
   </div>
   <div class='ocr_carea' id='block_1_7' title="bbox 199 308 981 344">
    <p class='ocr_par' dir='ltr' id='par_1_7' title="bbox 199 308 981 344">
     <span class='ocr_line' id='line_1_7' title="bbox 199 308 981 344; baseline 0.001 -10"><span class='ocrx_word' id='word_1_43' title='bbox 199 310 282 336; x_wconf 82' lang='lat' dir='ltr'><strong>fuisse</strong></span> <span class='ocrx_word' id='word_1_44' title='bbox 293 309 375 344; x_wconf 75' lang='lat'><strong>556</strong></span> <span class='ocrx_word' id='word_1_45' title='bbox 387 310 571 343; x_wconf 79' lang='lat' dir='ltr'><strong>apostolorum</strong></span> <span class='ocrx_word' id='word_1_46' title='bbox 590 309 672 336; x_wconf 68' lang='lat' dir='ltr'><strong>coetui</strong></span> <span class='ocrx_word' id='word_1_47' title='bbox 693 309 727 335; x_wconf 91' lang='lat' dir='ltr'><strong>ad</strong></span> <span class='ocrx_word' id='word_1_48' title='bbox 747 309 829 335; x_wconf 89' lang='lat' dir='ltr'><strong>fimus</strong></span> <span class='ocrx_word' id='word_1_49' title='bbox 849 308 981 342; x_wconf 79' lang='lat' dir='ltr'><strong>Deiparic,</strong></span> 
     </span>
    </p>
   </div>
   <div class='ocr_carea' id='block_1_8' title="bbox 199 345 409 371">
    <p class='ocr_par' dir='ltr' id='par_1_8' title="bbox 199 345 409 371">
     <span class='ocr_line' id='line_1_8' title="bbox 199 345 409 371; baseline 0.005 -1"><span class='ocrx_word' id='word_1_50' title='bbox 199 349 227 371; x_wconf 88' lang='lat' dir='ltr'><strong>et</strong></span> <span class='ocrx_word' id='word_1_51' title='bbox 237 345 289 370; x_wconf 87' lang='lat' dir='ltr'><strong>alia</strong></span> <span class='ocrx_word' id='word_1_52' title='bbox 300 345 409 371; x_wconf 84' lang='lat' dir='ltr'><strong>similia.</strong></span> 
     </span>
    </p>
   </div>
   <div class='ocr_carea' id='block_1_9' title="bbox 236 378 983 414">
    <p class='ocr_par' dir='ltr' id='par_1_9' title="bbox 236 378 983 414">
     <span class='ocr_line' id='line_1_9' title="bbox 236 378 983 414; baseline -0.001 -8"><span class='ocrx_word' id='word_1_53' title='bbox 236 379 324 413; x_wconf 81' lang='lat' dir='ltr'><strong>Atque</strong></span> <span class='ocrx_word' id='word_1_54' title='bbox 349 385 378 405; x_wconf 94' lang='lat' dir='ltr'><strong>ut</strong></span> <span class='ocrx_word' id='word_1_55' title='bbox 396 378 588 414; x_wconf 19' lang='lat' dir='ltr'><strong>ipsametrtela</strong></span> <span class='ocrx_word' id='word_1_56' title='bbox 612 378 831 414; x_wconf 81' lang='lat' dir='ltr'><strong>adversariorum</strong></span> <span class='ocrx_word' id='word_1_57' title='bbox 855 378 883 404; x_wconf 90' lang='lat' dir='ltr'><strong>in</strong></span> <span class='ocrx_word' id='word_1_58' title='bbox 910 378 983 412; x_wconf 88' lang='lat' dir='ltr'><strong>ipsos</strong></span> 
     </span>
    </p>
   </div>
   <div class='ocr_carea' id='block_1_10' title="bbox 201 413 983 448">
    <p class='ocr_par' dir='ltr' id='par_1_10' title="bbox 201 413 983 448">
     <span class='ocr_line' id='line_1_10' title="bbox 201 413 983 448; baseline -0.004 -6"><span class='ocrx_word' id='word_1_59' title='bbox 201 413 541 445; x_wconf 61' lang='lat' dir='ltr'><strong>cmivertainus,secniida</strong></span> <span class='ocrx_word' id='word_1_60' title='bbox 570 414 690 448; x_wconf 87' lang='lat' dir='ltr'><strong>ipsorum</strong></span> <span class='ocrx_word' id='word_1_61' title='bbox 720 413 906 448; x_wconf 20' lang='lat' dir='ltr'><strong>ratioicontra</strong></span> <span class='ocrx_word' id='word_1_62' title='bbox 927 419 983 440; x_wconf 90' lang='lat' dir='ltr'><strong>ter-</strong></span> 
     </span>
    </p>
   </div>
   <div class='ocr_carea' id='block_1_11' title="bbox 201 447 983 482">
    <p class='ocr_par' dir='ltr' id='par_1_11' title="bbox 201 447 983 482">
     <span class='ocr_line' id='line_1_11' title="bbox 201 447 983 482; baseline 0 -7"><span class='ocrx_word' id='word_1_63' title='bbox 201 450 266 476; x_wconf 89' lang='lat' dir='ltr'><strong>tiam</strong></span> <span class='ocrx_word' id='word_1_64' title='bbox 279 450 375 475; x_wconf 84' lang='lat' dir='ltr'><strong>militat</strong></span> <span class='ocrx_word' id='word_1_65' title='bbox 390 450 440 475; x_wconf 83' lang='lat' dir='ltr'><strong>hoc</strong></span> <span class='ocrx_word' id='word_1_66' title='bbox 463 448 561 475; x_wconf 89' lang='lat' dir='ltr'><strong>modo:</strong></span> <span class='ocrx_word' id='word_1_67' title='bbox 590 448 722 475; x_wconf 82' lang='lat' dir='ltr'><strong>Eusebius</strong></span> <span class='ocrx_word' id='word_1_68' title='bbox 755 453 782 475; x_wconf 90' lang='lat' dir='ltr'><strong>et</strong></span> <span class='ocrx_word' id='word_1_69' title='bbox 801 447 983 482; x_wconf 81' lang='lat' dir='ltr'><strong>Hieronymus</strong></span> 
     </span>
    </p>
   </div>
   <div class='ocr_carea' id='block_1_12' title="bbox 201 483 983 519">
    <p class='ocr_par' dir='ltr' id='par_1_12' title="bbox 201 483 983 519">
     <span class='ocr_line' id='line_1_12' title="bbox 201 483 983 519; baseline -0.001 -9"><span class='ocrx_word' id='word_1_70' title='bbox 201 484 400 519; x_wconf 75' lang='lat' dir='ltr'><strong>diligentissimi</strong></span> <span class='ocrx_word' id='word_1_71' title='bbox 417 484 548 519; x_wconf 88' lang='lat' dir='ltr'><strong>librorum</strong></span> <span class='ocrx_word' id='word_1_72' title='bbox 566 483 743 517; x_wconf 79' lang='lat' dir='ltr'><strong>inquisitores</strong></span> <span class='ocrx_word' id='word_1_73' title='bbox 764 483 864 519; x_wconf 80' lang='lat' dir='ltr'><strong>nullam</strong></span> <span class='ocrx_word' id='word_1_74' title='bbox 880 483 983 519; x_wconf 80' lang='lat' dir='ltr'><strong>faciunt</strong></span> 
     </span>
    </p>
   </div>
   <div class='ocr_carea' id='block_1_13' title="bbox 200 517 984 552">
    <p class='ocr_par' dir='ltr' id='par_1_13' title="bbox 200 517 984 552">
     <span class='ocr_line' id='line_1_13' title="bbox 200 517 984 552; baseline -0.003 -6"><span class='ocrx_word' id='word_1_75' title='bbox 200 517 366 546; x_wconf 75' lang='lat' dir='ltr'><strong>mentionem</strong></span> <span class='ocrx_word' id='word_1_76' title='bbox 390 520 487 545; x_wconf 87' lang='lat' dir='ltr'><strong>lioruut</strong></span> <span class='ocrx_word' id='word_1_77' title='bbox 512 518 644 544; x_wconf 87' lang='lat' dir='ltr'><strong>librorum</strong></span> <span class='ocrx_word' id='word_1_78' title='bbox 671 520 704 544; x_wconf 78' lang='lat' dir='ltr'><strong>ab</strong></span> <span class='ocrx_word' id='word_1_79' title='bbox 740 517 891 552; x_wconf 79' lang='lat' dir='ltr'><strong>Apollinari</strong></span> <span class='ocrx_word' id='word_1_80' title='bbox 914 519 984 545; x_wconf 85' lang='lat' dir='ltr'><strong>scri-</strong></span> 
     </span>
    </p>
   </div>
   <div class='ocr_carea' id='block_1_14' title="bbox 201 553 983 588">
    <p class='ocr_par' dir='ltr' id='par_1_14' title="bbox 201 553 983 588">
     <span class='ocr_line' id='line_1_14' title="bbox 201 553 983 588; baseline -0.001 -7"><span class='ocrx_word' id='word_1_81' title='bbox 201 559 321 588; x_wconf 89' lang='lat' dir='ltr'><strong>ptorum,</strong></span> <span class='ocrx_word' id='word_1_82' title='bbox 335 562 384 580; x_wconf 86' lang='lat' dir='ltr'><strong>nec</strong></span> <span class='ocrx_word' id='word_1_83' title='bbox 395 553 465 580; x_wconf 88' lang='lat' dir='ltr'><strong>ullus</strong></span> <span class='ocrx_word' id='word_1_84' title='bbox 480 553 624 588; x_wconf 87' lang='lat' dir='ltr'><strong>admodum</strong></span> <span class='ocrx_word' id='word_1_85' title='bbox 645 553 774 587; x_wconf 87' lang='lat' dir='ltr'><strong>antiquus</strong></span> <span class='ocrx_word' id='word_1_86' title='bbox 795 557 901 583; x_wconf 82' lang='lat' dir='ltr'><strong>auctor,</strong></span> <span class='ocrx_word' id='word_1_87' title='bbox 918 560 983 587; x_wconf 81' lang='lat' dir='ltr'><strong>ergo</strong></span> 
     </span>
    </p>
   </div>
   <div class='ocr_carea' id='block_1_15' title="bbox 201 587 984 620">
    <p class='ocr_par' dir='ltr' id='par_1_15' title="bbox 201 587 984 620">
     <span class='ocr_line' id='line_1_15' title="bbox 201 587 984 620; baseline -0.001 -4"><span class='ocrx_word' id='word_1_88' title='bbox 201 587 255 616; x_wconf 86' lang='lat' dir='ltr'><strong>iion</strong></span> <span class='ocrx_word' id='word_1_89' title='bbox 267 593 329 615; x_wconf 90' lang='lat' dir='ltr'><strong>sunt</strong></span> <span class='ocrx_word' id='word_1_90' title='bbox 342 589 438 620; x_wconf 86' lang='lat' dir='ltr'><strong>ipsius.</strong></span> <span class='ocrx_word' id='word_1_91' title='bbox 467 588 595 620; x_wconf 81' lang='lat' dir='ltr'><strong>Videsne,</strong></span> <span class='ocrx_word' id='word_1_92' title='bbox 612 587 742 620; x_wconf 82' lang='lat' dir='ltr'><strong>Seultete,</strong></span> <span class='ocrx_word' id='word_1_93' title='bbox 763 588 818 614; x_wconf 88' lang='lat' dir='ltr'><strong>tuis</strong></span> <span class='ocrx_word' id='word_1_94' title='bbox 835 593 862 614; x_wconf 86' lang='lat' dir='ltr'><strong>te</strong></span> <span class='ocrx_word' id='word_1_95' title='bbox 881 588 984 615; x_wconf 87' lang='lat' dir='ltr'><strong>retibus</strong></span> 
     </span>
    </p>
   </div>
   <div class='ocr_carea' id='block_1_16' title="bbox 202 622 982 658">
    <p class='ocr_par' dir='ltr' id='par_1_16' title="bbox 202 622 982 658">
     <span class='ocr_line' id='line_1_16' title="bbox 202 622 982 658; baseline -0.001 -8"><span class='ocrx_word' id='word_1_96' title='bbox 202 624 326 651; x_wconf 84' lang='lat' dir='ltr'><strong>irrctiri?</strong></span> <span class='ocrx_word' id='word_1_97' title='bbox 349 622 450 650; x_wconf 81' lang='lat' dir='ltr'><strong>Deinde</strong></span> <span class='ocrx_word' id='word_1_98' title='bbox 476 624 534 658; x_wconf 86' lang='lat' dir='ltr'><strong>ipse</strong></span> <span class='ocrx_word' id='word_1_99' title='bbox 558 623 688 650; x_wconf 85' lang='lat' dir='ltr'><strong>Erasinus</strong></span> <span class='ocrx_word' id='word_1_100' title='bbox 712 626 745 650; x_wconf 84' lang='lat' dir='ltr'><strong>ad</strong></span> <span class='ocrx_word' id='word_1_101' title='bbox 767 622 925 657; x_wconf 79' lang='lat' dir='ltr'><strong>Catalogiim</strong></span> <span class='ocrx_word' id='word_1_102' title='bbox 952 622 982 649; x_wconf 88' lang='lat' dir='ltr'><strong>S.</strong></span> 
     </span>
    </p>
   </div>
   <div class='ocr_carea' id='block_1_17' title="bbox 201 657 983 694">
    <p class='ocr_par' dir='ltr' id='par_1_17' title="bbox 201 657 983 694">
     <span class='ocr_line' id='line_1_17' title="bbox 201 657 983 694; baseline -0.003 -8"><span class='ocrx_word' id='word_1_103' title='bbox 201 659 359 694; x_wconf 84' lang='lat' dir='ltr'><strong>Hieronymi</strong></span> <span class='ocrx_word' id='word_1_104' title='bbox 376 659 408 685; x_wconf 89' lang='lat' dir='ltr'><strong>de</strong></span> <span class='ocrx_word' id='word_1_105' title='bbox 424 659 605 693; x_wconf 82' lang='lat' dir='ltr'><strong>scriptoribus</strong></span> <span class='ocrx_word' id='word_1_106' title='bbox 629 657 983 694; x_wconf 19' lang='lat' dir='ltr'><strong>ecclesiasticisrabjuilicat</strong></span> 
     </span>
    </p>
   </div>
   <div class='ocr_carea' id='block_1_18' title="bbox 201 693 984 728">
    <p class='ocr_par' dir='ltr' id='par_1_18' title="bbox 201 693 984 728">
     <span class='ocr_line' id='line_1_18' title="bbox 201 693 984 728; baseline -0.003 -8"><span class='ocrx_word' id='word_1_107' title='bbox 201 695 263 721; x_wconf 90' lang='lat' dir='ltr'><strong>illos</strong></span> <span class='ocrx_word' id='word_1_108' title='bbox 281 693 449 727; x_wconf 83' lang='lat' dir='ltr'><strong>Apollinari,</strong></span> <span class='ocrx_word' id='word_1_109' title='bbox 466 699 494 720; x_wconf 85' lang='lat' dir='ltr'><strong>et</strong></span> <span class='ocrx_word' id='word_1_110' title='bbox 511 701 571 719; x_wconf 88' lang='lat' dir='ltr'><strong>cum</strong></span> <span class='ocrx_word' id='word_1_111' title='bbox 598 693 672 720; x_wconf 89' lang='lat' dir='ltr'><strong>multi</strong></span> <span class='ocrx_word' id='word_1_112' title='bbox 693 693 792 720; x_wconf 77' lang='lat' dir='ltr'><strong>fuerim</strong></span> <span class='ocrx_word' id='word_1_113' title='bbox 809 693 927 728; x_wconf 80' lang='lat' dir='ltr'><strong>Dionysii</strong></span> <span class='ocrx_word' id='word_1_114' title='bbox 940 694 984 719; x_wconf 84' lang='lat' dir='ltr'><strong>in—</strong></span> 
     </span>
    </p>
   </div>
   <div class='ocr_carea' id='block_1_19' title="bbox 202 729 982 762">
    <p class='ocr_par' dir='ltr' id='par_1_19' title="bbox 202 729 982 762">
     <span class='ocr_line' id='line_1_19' title="bbox 202 729 982 762; baseline -0.001 -7"><span class='ocrx_word' id='word_1_115' title='bbox 202 735 244 755; x_wconf 88' lang='lat' dir='ltr'><strong>ter</strong></span> <span class='ocrx_word' id='word_1_116' title='bbox 258 730 405 762; x_wconf 83' lang='lat' dir='ltr'><strong>scriptores</strong></span> <span class='ocrx_word' id='word_1_117' title='bbox 415 729 625 759; x_wconf 84' lang='lat' dir='ltr'><strong>ecclesiasticos,</strong></span> <span class='ocrx_word' id='word_1_118' title='bbox 645 729 814 762; x_wconf 83' lang='lat' dir='ltr'><strong>probabilius</strong></span> <span class='ocrx_word' id='word_1_119' title='bbox 838 733 931 755; x_wconf 79' lang='lat' dir='ltr'><strong>censet</strong></span> <span class='ocrx_word' id='word_1_120' title='bbox 949 730 982 754; x_wconf 86' lang='lat' dir='ltr'><strong>ab</strong></span> 
     </span>
    </p>
   </div>
   <div class='ocr_carea' id='block_1_20' title="bbox 200 763 982 797">
    <p class='ocr_par' dir='ltr' id='par_1_20' title="bbox 200 763 982 797">
     <span class='ocr_line' id='line_1_20' title="bbox 200 763 982 797; baseline -0.003 -7"><span class='ocrx_word' id='word_1_121' title='bbox 200 772 255 791; x_wconf 89' lang='lat' dir='ltr'><strong>uno</strong></span> <span class='ocrx_word' id='word_1_122' title='bbox 274 764 381 791; x_wconf 84' lang='lat' dir='ltr'><strong>illorum</strong></span> <span class='ocrx_word' id='word_1_123' title='bbox 401 764 528 797; x_wconf 81' lang='lat' dir='ltr'><strong>scriptos.</strong></span> <span class='ocrx_word' id='word_1_124' title='bbox 553 764 622 796; x_wconf 91' lang='lat' dir='ltr'><strong>Quid</strong></span> <span class='ocrx_word' id='word_1_125' title='bbox 651 763 707 797; x_wconf 88' lang='lat' dir='ltr'><strong>jam</strong></span> <span class='ocrx_word' id='word_1_126' title='bbox 731 764 804 790; x_wconf 87' lang='lat' dir='ltr'><strong>valet</strong></span> <span class='ocrx_word' id='word_1_127' title='bbox 829 767 874 789; x_wconf 85' lang='lat' dir='ltr'><strong>tua</strong></span> <span class='ocrx_word' id='word_1_128' title='bbox 898 764 982 794; x_wconf 81' lang='lat' dir='ltr'><strong>ratio,</strong></span> 
     </span>
    </p>
   </div>
   <div class='ocr_carea' id='block_1_21' title="bbox 202 798 982 833">
    <p class='ocr_par' dir='ltr' id='par_1_21' title="bbox 202 798 982 833">
     <span class='ocr_line' id='line_1_21' title="bbox 202 798 982 833; baseline -0.003 -7"><span class='ocrx_word' id='word_1_129' title='bbox 202 799 330 831; x_wconf 85' lang='lat' dir='ltr'><strong>Scultete,</strong></span> <span class='ocrx_word' id='word_1_130' title='bbox 352 807 383 825; x_wconf 86' lang='lat' dir='ltr'><strong>ex</strong></span> <span class='ocrx_word' id='word_1_131' title='bbox 405 799 516 825; x_wconf 78' lang='lat' dir='ltr'><strong>Erasiiio</strong></span> <span class='ocrx_word' id='word_1_132' title='bbox 540 798 675 825; x_wconf 81' lang='lat' dir='ltr'><strong>fallaciter</strong></span> <span class='ocrx_word' id='word_1_133' title='bbox 704 798 847 833; x_wconf 84' lang='lat' dir='ltr'><strong>prompta?</strong></span> <span class='ocrx_word' id='word_1_134' title='bbox 871 798 982 825; x_wconf 80' lang='lat' dir='ltr'><strong>Possem</strong></span> 
     </span>
    </p>
   </div>
   <div class='ocr_carea' id='block_1_22' title="bbox 201 833 983 869">
    <p class='ocr_par' dir='ltr' id='par_1_22' title="bbox 201 833 983 869">
     <span class='ocr_line' id='line_1_22' title="bbox 201 833 983 869; baseline -0.001 -9"><span class='ocrx_word' id='word_1_135' title='bbox 201 834 342 869; x_wconf 80' lang='lat' dir='ltr'><strong>pluribus;</strong></span> <span class='ocrx_word' id='word_1_136' title='bbox 361 834 409 861; x_wconf 88' lang='lat' dir='ltr'><strong>sed</strong></span> <span class='ocrx_word' id='word_1_137' title='bbox 419 834 520 860; x_wconf 82' lang='lat' dir='ltr'><strong>frustra</strong></span> <span class='ocrx_word' id='word_1_138' title='bbox 542 834 587 860; x_wconf 81' lang='lat' dir='ltr'><strong>lux</strong></span> <span class='ocrx_word' id='word_1_139' title='bbox 602 835 688 869; x_wconf 80' lang='lat' dir='ltr'><strong>major</strong></span> <span class='ocrx_word' id='word_1_140' title='bbox 698 834 731 860; x_wconf 86' lang='lat' dir='ltr'><strong>ad</strong></span> <span class='ocrx_word' id='word_1_141' title='bbox 749 838 851 860; x_wconf 83' lang='lat' dir='ltr'><strong>tantam</strong></span> <span class='ocrx_word' id='word_1_142' title='bbox 863 833 983 860; x_wconf 83' lang='lat' dir='ltr'><strong>hominis</strong></span> 
     </span>
    </p>
   </div>
   <div class='ocr_carea' id='block_1_23' title="bbox 201 870 360 897">
    <p class='ocr_par' dir='ltr' id='par_1_23' title="bbox 201 870 360 897">
     <span class='ocr_line' id='line_1_23' title="bbox 201 870 360 897; baseline 0 -1"><span class='ocrx_word' id='word_1_143' title='bbox 201 870 360 897; x_wconf 85' lang='lat' dir='ltr'><strong>ca-citateni.</strong></span> 
     </span>
    </p>
   </div>
   <div class='ocr_carea' id='block_1_24' title="bbox 237 902 982 936">
    <p class='ocr_par' dir='ltr' id='par_1_24' title="bbox 237 902 982 936">
     <span class='ocr_line' id='line_1_24' title="bbox 237 902 982 936; baseline -0.003 -6"><span class='ocrx_word' id='word_1_144' title='bbox 237 903 350 936; x_wconf 84' lang='lat' dir='ltr'><strong>Quarta.</strong></span> <span class='ocrx_word' id='word_1_145' title='bbox 365 913 374 929; x_wconf 82' lang='grc' dir='ltr'><strong>ι</strong></span> <span class='ocrx_word' id='word_1_146' title='bbox 387 903 550 932; x_wconf 83' lang='lat' dir='ltr'><strong>Guilieiinus</strong></span> <span class='ocrx_word' id='word_1_147' title='bbox 569 903 714 935; x_wconf 86' lang='lat' dir='ltr'><strong>Crocinus,</strong></span> <span class='ocrx_word' id='word_1_148' title='bbox 731 902 865 930; x_wconf 80' lang='lat' dir='ltr'><strong>memoria</strong></span> <span class='ocrx_word' id='word_1_149' title='bbox 876 902 982 929; x_wconf 86' lang='lat' dir='ltr'><strong>Erasmi</strong></span> 
     </span>
    </p>
   </div>
   <div class='ocr_carea' id='block_1_25' title="bbox 202 938 983 973">
    <p class='ocr_par' dir='ltr' id='par_1_25' title="bbox 202 938 983 973">
     <span class='ocr_line' id='line_1_25' title="bbox 202 938 983 973; baseline -0.004 -6"><span class='ocrx_word' id='word_1_150' title='bbox 202 938 316 967; x_wconf 79' lang='lat' dir='ltr'><strong>Londini</strong></span> <span class='ocrx_word' id='word_1_151' title='bbox 352 940 422 966; x_wconf 90' lang='lat' dir='ltr'><strong>hunc</strong></span> <span class='ocrx_word' id='word_1_152' title='bbox 449 945 588 966; x_wconf 87' lang='lat' dir='ltr'><strong>auctorem</strong></span> <span class='ocrx_word' id='word_1_153' title='bbox 622 939 773 972; x_wconf 72' lang='lat' dir='ltr'><strong>erpiicans,</strong></span> <span class='ocrx_word' id='word_1_154' title='bbox 793 938 912 973; x_wconf 77' lang='lat' dir='ltr'><strong>ingenue</strong></span> <span class='ocrx_word' id='word_1_155' title='bbox 935 945 983 964; x_wconf 87' lang='lat' dir='ltr'><strong>co-</strong></span> 
     </span>
    </p>
   </div>
   <div class='ocr_carea' id='block_1_26' title="bbox 202 973 983 1008">
    <p class='ocr_par' dir='ltr' id='par_1_26' title="bbox 202 973 983 1008">
     <span class='ocr_line' id='line_1_26' title="bbox 202 973 983 1008; baseline 0.001 -9"><span class='ocrx_word' id='word_1_156' title='bbox 202 982 260 1001; x_wconf 83' lang='lat' dir='ltr'><strong>ram</strong></span> <span class='ocrx_word' id='word_1_157' title='bbox 279 974 448 1001; x_wconf 82' lang='lat' dir='ltr'><strong>auditoribus</strong></span> <span class='ocrx_word' id='word_1_158' title='bbox 468 974 609 1008; x_wconf 88' lang='lat' dir='ltr'><strong>professus</strong></span> <span class='ocrx_word' id='word_1_159' title='bbox 625 979 678 1006; x_wconf 80' lang='lat' dir='ltr'><strong>est,</strong></span> <span class='ocrx_word' id='word_1_160' title='bbox 704 974 755 1001; x_wconf 89' lang='lat' dir='ltr'><strong>sibi</strong></span> <span class='ocrx_word' id='word_1_161' title='bbox 775 982 828 1000; x_wconf 87' lang='lat' dir='ltr'><strong>non</strong></span> <span class='ocrx_word' id='word_1_162' title='bbox 844 973 929 1001; x_wconf 86' lang='lat' dir='ltr'><strong>videri</strong></span> <span class='ocrx_word' id='word_1_163' title='bbox 956 973 983 1000; x_wconf 93' lang='lat' dir='ltr'><strong>id</strong></span> 
     </span>
    </p>
   </div>
   <div class='ocr_carea' id='block_1_27' title="bbox 201 1007 666 1044">
    <p class='ocr_par' dir='ltr' id='par_1_27' title="bbox 201 1007 666 1044">
     <span class='ocr_line' id='line_1_27' title="bbox 201 1007 666 1044; baseline -0.002 -9"><span class='ocrx_word' id='word_1_164' title='bbox 201 1017 269 1044; x_wconf 91' lang='lat' dir='ltr'><strong>opus</strong></span> <span class='ocrx_word' id='word_1_165' title='bbox 281 1017 340 1036; x_wconf 76' lang='lat' dir='ltr'><strong>esse</strong></span> <span class='ocrx_word' id='word_1_166' title='bbox 350 1007 475 1044; x_wconf 83' lang='lat' dir='ltr'><strong>Dionysii</strong></span> <span class='ocrx_word' id='word_1_167' title='bbox 484 1007 666 1043; x_wconf 76' lang='lat' dir='ltr'><strong>Areopagiuu.</strong></span> 
     </span>
    </p>
   </div>
   <div class='ocr_carea' id='block_1_28' title="bbox 238 1043 983 1078">
    <p class='ocr_par' dir='ltr' id='par_1_28' title="bbox 238 1043 983 1078">
     <span class='ocr_line' id='line_1_28' title="bbox 238 1043 983 1078; baseline -0.001 -8"><span class='ocrx_word' id='word_1_168' title='bbox 238 1045 323 1077; x_wconf 87' lang='lat' dir='ltr'><strong>Quam</strong></span> <span class='ocrx_word' id='word_1_169' title='bbox 349 1043 440 1078; x_wconf 85' lang='lat' dir='ltr'><strong>putida</strong></span> <span class='ocrx_word' id='word_1_170' title='bbox 464 1044 552 1070; x_wconf 81' lang='lat' dir='ltr'><strong>ratio!</strong></span> <span class='ocrx_word' id='word_1_171' title='bbox 567 1050 594 1071; x_wconf 87' lang='lat' dir='ltr'><strong>et</strong></span> <span class='ocrx_word' id='word_1_172' title='bbox 612 1051 694 1078; x_wconf 86' lang='lat' dir='ltr'><strong>quam</strong></span> <span class='ocrx_word' id='word_1_173' title='bbox 715 1043 864 1070; x_wconf 88' lang='lat' dir='ltr'><strong>arundiueo</strong></span> <span class='ocrx_word' id='word_1_174' title='bbox 889 1043 983 1070; x_wconf 74' lang='lat' dir='ltr'><strong>innixa</strong></span> 
     </span>
    </p>
   </div>
   <div class='ocr_carea' id='block_1_29' title="bbox 201 1078 983 1106">
    <p class='ocr_par' dir='ltr' id='par_1_29' title="bbox 201 1078 983 1106">
     <span class='ocr_line' id='line_1_29' title="bbox 201 1078 983 1106; baseline -0.003 0"><span class='ocrx_word' id='word_1_175' title='bbox 201 1079 299 1106; x_wconf 83' lang='lat' dir='ltr'><strong>baculo</strong></span> <span class='ocrx_word' id='word_1_176' title='bbox 311 1079 480 1106; x_wconf 81' lang='lat' dir='ltr'><strong>auctoritas!</strong></span> <span class='ocrx_word' id='word_1_177' title='bbox 503 1079 622 1106; x_wconf 81' lang='lat' dir='ltr'><strong>Albusne</strong></span> <span class='ocrx_word' id='word_1_178' title='bbox 641 1087 674 1105; x_wconf 94' lang='lat' dir='ltr'><strong>an</strong></span> <span class='ocrx_word' id='word_1_179' title='bbox 690 1084 750 1105; x_wconf 87' lang='lat' dir='ltr'><strong>ater</strong></span> <span class='ocrx_word' id='word_1_180' title='bbox 762 1078 845 1104; x_wconf 84' lang='lat' dir='ltr'><strong>fuerit</strong></span> <span class='ocrx_word' id='word_1_181' title='bbox 858 1079 910 1105; x_wconf 86' lang='lat' dir='ltr'><strong>iste</strong></span> <span class='ocrx_word' id='word_1_182' title='bbox 921 1086 983 1105; x_wconf 91' lang='lat' dir='ltr'><strong>cro-</strong></span> 
     </span>
    </p>
   </div>
   <div class='ocr_carea' id='block_1_30' title="bbox 202 1113 985 1148">
    <p class='ocr_par' dir='ltr' id='par_1_30' title="bbox 202 1113 985 1148">
     <span class='ocr_line' id='line_1_30' title="bbox 202 1113 985 1148; baseline -0.001 -7"><span class='ocrx_word' id='word_1_183' title='bbox 202 1115 280 1141; x_wconf 86' lang='lat' dir='ltr'><strong>cinus</strong></span> <span class='ocrx_word' id='word_1_184' title='bbox 301 1115 344 1148; x_wconf 86' lang='lat' dir='ltr'><strong>qui</strong></span> <span class='ocrx_word' id='word_1_185' title='bbox 361 1114 412 1140; x_wconf 89' lang='lat' dir='ltr'><strong>ista</strong></span> <span class='ocrx_word' id='word_1_186' title='bbox 423 1114 577 1145; x_wconf 83' lang='lat' dir='ltr'><strong>crocitavit,</strong></span> <span class='ocrx_word' id='word_1_187' title='bbox 596 1115 657 1148; x_wconf 86' lang='lat' dir='ltr'><strong>quis</strong></span> <span class='ocrx_word' id='word_1_188' title='bbox 677 1114 771 1141; x_wconf 72' lang='lat' dir='ltr'><strong>novit?</strong></span> <span class='ocrx_word' id='word_1_189' title='bbox 784 1113 902 1148; x_wconf 81' lang='lat' dir='ltr'><strong>Tempus</strong></span> <span class='ocrx_word' id='word_1_190' title='bbox 921 1121 985 1148; x_wconf 82' lang='lat' dir='ltr'><strong>per-</strong></span> 
     </span>
    </p>
   </div>
   <div class='ocr_carea' id='block_1_31' title="bbox 203 1149 590 1183">
    <p class='ocr_par' dir='ltr' id='par_1_31' title="bbox 203 1149 590 1183">
     <span class='ocr_line' id='line_1_31' title="bbox 203 1149 590 1183; baseline -0.003 -7"><span class='ocrx_word' id='word_1_191' title='bbox 203 1150 276 1181; x_wconf 89' lang='lat' dir='ltr'><strong>dam,</strong></span> <span class='ocrx_word' id='word_1_192' title='bbox 292 1151 314 1177; x_wconf 89' lang='lat' dir='ltr'><strong>si</strong></span> <span class='ocrx_word' id='word_1_193' title='bbox 329 1149 388 1183; x_wconf 83' lang='lat' dir='ltr'><strong>plus</strong></span> <span class='ocrx_word' id='word_1_194' title='bbox 403 1149 590 1182; x_wconf 77' lang='lat' dir='ltr'><strong>respondeam.</strong></span> 
     </span>
    </p>
   </div>
   <div class='ocr_carea' id='block_1_32' title="bbox 237 1183 985 1218">
    <p class='ocr_par' dir='ltr' id='par_1_32' title="bbox 237 1183 985 1218">
     <span class='ocr_line' id='line_1_32' title="bbox 237 1183 985 1218; baseline 0 -9"><span class='ocrx_word' id='word_1_195' title='bbox 237 1184 348 1217; x_wconf 83' lang='lat' dir='ltr'><strong>Quinta.</strong></span> <span class='ocrx_word' id='word_1_196' title='bbox 374 1193 383 1209; x_wconf 89' lang='grc'><em>‹</em></span> <span class='ocrx_word' id='word_1_197' title='bbox 397 1183 525 1211; x_wconf 82' lang='lat' dir='ltr'><strong>Materies</strong></span> <span class='ocrx_word' id='word_1_198' title='bbox 537 1184 643 1218; x_wconf 86' lang='lat' dir='ltr'><strong>scripti,</strong></span> <span class='ocrx_word' id='word_1_199' title='bbox 664 1183 764 1218; x_wconf 89' lang='lat' dir='ltr'><strong>inquit,</strong></span> <span class='ocrx_word' id='word_1_200' title='bbox 781 1183 852 1210; x_wconf 92' lang='lat' dir='ltr'><strong>idem</strong></span> <span class='ocrx_word' id='word_1_201' title='bbox 871 1183 985 1210; x_wconf 83' lang='lat' dir='ltr'><strong>demon-</strong></span> 
     </span>
    </p>
   </div>
   <div class='ocr_carea' id='block_1_33' title="bbox 202 1218 984 1252">
    <p class='ocr_par' dir='ltr' id='par_1_33' title="bbox 202 1218 984 1252">
     <span class='ocr_line' id='line_1_33' title="bbox 202 1218 984 1252; baseline -0.001 -7"><span class='ocrx_word' id='word_1_202' title='bbox 202 1225 281 1246; x_wconf 75' lang='lat' dir='ltr'><strong>strat.</strong></span> <span class='ocrx_word' id='word_1_203' title='bbox 307 1219 374 1245; x_wconf 82' lang='lat' dir='ltr'><strong>Nam</strong></span> <span class='ocrx_word' id='word_1_204' title='bbox 395 1219 420 1245; x_wconf 94' lang='lat' dir='ltr'><strong>in</strong></span> <span class='ocrx_word' id='word_1_205' title='bbox 437 1219 585 1246; x_wconf 80' lang='lat' dir='ltr'><strong>liierarchia</strong></span> <span class='ocrx_word' id='word_1_206' title='bbox 610 1219 718 1252; x_wconf 70' lang='lat' dir='ltr'><strong>caelesti,</strong></span> <span class='ocrx_word' id='word_1_207' title='bbox 736 1219 797 1245; x_wconf 64' lang='lat' dir='ltr'><strong>caeli</strong></span> <span class='ocrx_word' id='word_1_208' title='bbox 827 1218 984 1252; x_wconf 84' lang='lat' dir='ltr'><strong>supellecti-</strong></span> 
     </span>
    </p>
   </div>
   <div class='ocr_carea' id='block_1_34' title="bbox 203 1253 985 1288">
    <p class='ocr_par' dir='ltr' id='par_1_34' title="bbox 203 1253 985 1288">
     <span class='ocr_line' id='line_1_34' title="bbox 203 1253 985 1288; baseline -0.001 -8"><span class='ocrx_word' id='word_1_209' title='bbox 203 1254 298 1281; x_wconf 90' lang='lat' dir='ltr'><strong>leniet</strong></span> <span class='ocrx_word' id='word_1_210' title='bbox 317 1254 472 1288; x_wconf 79' lang='lat' dir='ltr'><strong>angelorum</strong></span> <span class='ocrx_word' id='word_1_211' title='bbox 499 1254 627 1281; x_wconf 87' lang='lat' dir='ltr'><strong>subsellia</strong></span> <span class='ocrx_word' id='word_1_212' title='bbox 653 1262 706 1280; x_wconf 91' lang='lat' dir='ltr'><strong>non</strong></span> <span class='ocrx_word' id='word_1_213' title='bbox 734 1254 814 1280; x_wconf 90' lang='lat' dir='ltr'><strong>modo</strong></span> <span class='ocrx_word' id='word_1_214' title='bbox 838 1260 918 1284; x_wconf 83' lang='lat' dir='ltr'><strong>vane,</strong></span> <span class='ocrx_word' id='word_1_215' title='bbox 934 1253 985 1280; x_wconf 86' lang='lat' dir='ltr'><strong>sed</strong></span> 
     </span>
    </p>
   </div>
   <div class='ocr_carea' id='block_1_35' title="bbox 203 1289 985 1324">
    <p class='ocr_par' dir='ltr' id='par_1_35' title="bbox 203 1289 985 1324">
     <span class='ocr_line' id='line_1_35' title="bbox 203 1289 985 1324; baseline -0.001 -9"><span class='ocrx_word' id='word_1_216' title='bbox 203 1289 284 1315; x_wconf 88' lang='lat' dir='ltr'><strong>etiam</strong></span> <span class='ocrx_word' id='word_1_217' title='bbox 297 1289 365 1315; x_wconf 83' lang='lat' dir='ltr'><strong>falso</strong></span> <span class='ocrx_word' id='word_1_218' title='bbox 383 1290 565 1321; x_wconf 80' lang='lat' dir='ltr'><strong>enumerarit,</strong></span> <span class='ocrx_word' id='word_1_219' title='bbox 580 1294 607 1316; x_wconf 88' lang='lat' dir='ltr'><strong>et</strong></span> <span class='ocrx_word' id='word_1_220' title='bbox 624 1289 658 1316; x_wconf 88' lang='lat' dir='ltr'><strong>de</strong></span> <span class='ocrx_word' id='word_1_221' title='bbox 673 1289 706 1316; x_wconf 87' lang='lat' dir='ltr'><strong>iis</strong></span> <span class='ocrx_word' id='word_1_222' title='bbox 722 1289 985 1324; x_wconf 70' lang='lat' dir='ltr'><strong>pcneinventarium</strong></span> 
     </span>
    </p>
   </div>
   <div class='ocr_carea' id='block_1_36' title="bbox 203 1324 343 1352">
    <p class='ocr_par' dir='ltr' id='par_1_36' title="bbox 203 1324 343 1352">
     <span class='ocr_line' id='line_1_36' title="bbox 203 1324 343 1352; baseline 0 -2"><span class='ocrx_word' id='word_1_223' title='bbox 203 1324 326 1352; x_wconf 85' lang='lat' dir='ltr'><strong>coniecit.</strong></span> <span class='ocrx_word' id='word_1_224' title='bbox 334 1333 343 1349; x_wconf 79' lang='grc' dir='ltr'><strong>ι</strong></span> 
     </span>
    </p>
   </div>
   <div class='ocr_carea' id='block_1_37' title="bbox 239 1357 984 1393">
    <p class='ocr_par' dir='ltr' id='par_1_37' title="bbox 239 1357 984 1393">
     <span class='ocr_line' id='line_1_37' title="bbox 239 1357 984 1393; baseline -0.003 -8"><span class='ocrx_word' id='word_1_225' title='bbox 239 1359 309 1391; x_wconf 85' lang='lat' dir='ltr'><strong>Quid</strong></span> <span class='ocrx_word' id='word_1_226' title='bbox 325 1359 369 1386; x_wconf 86' lang='lat' dir='ltr'><strong>hic</strong></span> <span class='ocrx_word' id='word_1_227' title='bbox 394 1359 480 1393; x_wconf 76' lang='lat' dir='ltr'><strong>magis</strong></span> <span class='ocrx_word' id='word_1_228' title='bbox 500 1359 644 1390; x_wconf 77' lang='lat' dir='ltr'><strong>miremur,</strong></span> <span class='ocrx_word' id='word_1_229' title='bbox 672 1359 830 1386; x_wconf 89' lang='lat' dir='ltr'><strong>hominisne</strong></span> <span class='ocrx_word' id='word_1_230' title='bbox 847 1357 984 1392; x_wconf 83' lang='lat' dir='ltr'><strong>stupidam</strong></span> 
     </span>
    </p>
   </div>
   <div class='ocr_carea' id='block_1_38' title="bbox 204 1393 986 1428">
    <p class='ocr_par' dir='ltr' id='par_1_38' title="bbox 204 1393 986 1428">
     <span class='ocr_line' id='line_1_38' title="bbox 204 1393 986 1428; baseline -0.001 -8"><span class='ocrx_word' id='word_1_231' title='bbox 204 1395 352 1426; x_wconf 83' lang='lat' dir='ltr'><strong>inscitiam,</strong></span> <span class='ocrx_word' id='word_1_232' title='bbox 368 1403 401 1421; x_wconf 88' lang='lat' dir='ltr'><strong>an</strong></span> <span class='ocrx_word' id='word_1_233' title='bbox 426 1394 570 1420; x_wconf 76' lang='lat' dir='ltr'><strong>elfrontem</strong></span> <span class='ocrx_word' id='word_1_234' title='bbox 589 1393 743 1421; x_wconf 86' lang='lat' dir='ltr'><strong>meretricis</strong></span> <span class='ocrx_word' id='word_1_235' title='bbox 768 1393 986 1428; x_wconf 74' lang='lat' dir='ltr'><strong>impudentiam!</strong></span> 
     </span>
    </p>
   </div>
   <div class='ocr_carea' id='block_1_39' title="bbox 202 1428 986 1464">
    <p class='ocr_par' dir='ltr' id='par_1_39' title="bbox 202 1428 986 1464">
     <span class='ocr_line' id='line_1_39' title="bbox 202 1428 986 1464; baseline -0.003 -9"><span class='ocrx_word' id='word_1_236' title='bbox 202 1430 302 1464; x_wconf 64' lang='lat' dir='ltr'><strong>Quippe</strong></span> <span class='ocrx_word' id='word_1_237' title='bbox 320 1429 366 1464; x_wconf 89' lang='lat' dir='ltr'><strong>qui</strong></span> <span class='ocrx_word' id='word_1_238' title='bbox 378 1437 428 1456; x_wconf 86' lang='lat' dir='ltr'><strong>nec</strong></span> <span class='ocrx_word' id='word_1_239' title='bbox 440 1437 531 1461; x_wconf 88' lang='lat' dir='ltr'><strong>voces,</strong></span> <span class='ocrx_word' id='word_1_240' title='bbox 551 1430 650 1464; x_wconf 90' lang='lat' dir='ltr'><strong>quibus</strong></span> <span class='ocrx_word' id='word_1_241' title='bbox 674 1430 773 1461; x_wconf 87' lang='lat' dir='ltr'><strong>utitur,</strong></span> <span class='ocrx_word' id='word_1_242' title='bbox 799 1428 986 1463; x_wconf 79' lang='lat' dir='ltr'><strong>intelligat;et</strong></span> 
     </span>
    </p>
   </div>
   <div class='ocr_carea' id='block_1_40' title="bbox 204 1465 983 1499">
    <p class='ocr_par' dir='ltr' id='par_1_40' title="bbox 204 1465 983 1499">
     <span class='ocr_line' id='line_1_40' title="bbox 204 1465 983 1499; baseline -0.003 -8"><span class='ocrx_word' id='word_1_243' title='bbox 204 1466 237 1491; x_wconf 89' lang='lat' dir='ltr'><strong>de</strong></span> <span class='ocrx_word' id='word_1_244' title='bbox 253 1465 343 1496; x_wconf 81' lang='lat' dir='ltr'><strong>rebus,</strong></span> <span class='ocrx_word' id='word_1_245' title='bbox 369 1473 437 1499; x_wconf 89' lang='lat' dir='ltr'><strong>quas</strong></span> <span class='ocrx_word' id='word_1_246' title='bbox 454 1473 507 1491; x_wconf 91' lang='lat' dir='ltr'><strong>non</strong></span> <span class='ocrx_word' id='word_1_247' title='bbox 525 1465 608 1498; x_wconf 88' lang='lat' dir='ltr'><strong>capit,</strong></span> <span class='ocrx_word' id='word_1_248' title='bbox 625 1469 698 1491; x_wconf 85' lang='lat' dir='ltr'><strong>velut</strong></span> <span class='ocrx_word' id='word_1_249' title='bbox 716 1471 815 1491; x_wconf 88' lang='lat' dir='ltr'><strong>censor</strong></span> <span class='ocrx_word' id='word_1_250' title='bbox 841 1469 888 1489; x_wconf 90' lang='lat' dir='ltr'><strong>aut</strong></span> <span class='ocrx_word' id='word_1_251' title='bbox 900 1466 983 1497; x_wconf 81' lang='lat' dir='ltr'><strong>judex</strong></span> 
     </span>
    </p>
   </div>
   <div class='ocr_carea' id='block_1_41' title="bbox 204 1499 986 1534">
    <p class='ocr_par' dir='ltr' id='par_1_41' title="bbox 204 1499 986 1534">
     <span class='ocr_line' id='line_1_41' title="bbox 204 1499 986 1534; baseline 0 -8"><span class='ocrx_word' id='word_1_252' title='bbox 204 1500 321 1528; x_wconf 88' lang='lat' dir='ltr'><strong>decidat.</strong></span> <span class='ocrx_word' id='word_1_253' title='bbox 338 1500 404 1533; x_wconf 84' lang='lat' dir='ltr'><strong>Quis</strong></span> <span class='ocrx_word' id='word_1_254' title='bbox 428 1507 547 1534; x_wconf 88' lang='lat' dir='ltr'><strong>unquam</strong></span> <span class='ocrx_word' id='word_1_255' title='bbox 566 1500 638 1534; x_wconf 81' lang='lat' dir='ltr'><strong>regis</strong></span> <span class='ocrx_word' id='word_1_256' title='bbox 661 1501 732 1526; x_wconf 86' lang='lat' dir='ltr'><strong>iilios</strong></span> <span class='ocrx_word' id='word_1_257' title='bbox 759 1501 785 1525; x_wconf 91' lang='lat' dir='ltr'><strong>in</strong></span> <span class='ocrx_word' id='word_1_258' title='bbox 807 1499 875 1525; x_wconf 69' lang='lat' dir='ltr'><strong>aulae</strong></span> <span class='ocrx_word' id='word_1_259' title='bbox 904 1499 986 1533; x_wconf 77' lang='lat' dir='ltr'><strong>regia:</strong></span> 
     </span>
    </p>
   </div>
   <div class='ocr_carea' id='block_1_42' title="bbox 204 1534 983 1569">
    <p class='ocr_par' dir='ltr' id='par_1_42' title="bbox 204 1534 983 1569">
     <span class='ocr_line' id='line_1_42' title="bbox 204 1534 983 1569; baseline 0.001 -9"><span class='ocrx_word' id='word_1_260' title='bbox 204 1536 357 1562; x_wconf 89' lang='lat' dir='ltr'><strong>numeravit</strong></span> <span class='ocrx_word' id='word_1_261' title='bbox 383 1534 562 1569; x_wconf 79' lang='lat' dir='ltr'><strong>supellectili?</strong></span> <span class='ocrx_word' id='word_1_262' title='bbox 586 1535 648 1569; x_wconf 88' lang='lat' dir='ltr'><strong>quis</strong></span> <span class='ocrx_word' id='word_1_263' title='bbox 669 1537 703 1561; x_wconf 80' lang='lat' dir='ltr'><strong>de</strong></span> <span class='ocrx_word' id='word_1_264' title='bbox 731 1535 784 1561; x_wconf 86' lang='lat' dir='ltr'><strong>illis</strong></span> <span class='ocrx_word' id='word_1_265' title='bbox 801 1534 983 1561; x_wconf 85' lang='lat' dir='ltr'><strong>iiiventariuni</strong></span> 
     </span>
    </p>
   </div>
   <div class='ocr_carea' id='block_1_43' title="bbox 204 1569 985 1604">
    <p class='ocr_par' dir='ltr' id='par_1_43' title="bbox 204 1569 985 1604">
     <span class='ocr_line' id='line_1_43' title="bbox 204 1569 985 1604; baseline -0.001 -9"><span class='ocrx_word' id='word_1_266' title='bbox 204 1570 349 1604; x_wconf 81' lang='lat' dir='ltr'><strong>aliquando</strong></span> <span class='ocrx_word' id='word_1_267' title='bbox 365 1570 504 1597; x_wconf 76' lang='lat' dir='ltr'><strong>coniecit?</strong></span> <span class='ocrx_word' id='word_1_268' title='bbox 528 1570 588 1604; x_wconf 91' lang='lat' dir='ltr'><strong>quis</strong></span> <span class='ocrx_word' id='word_1_269' title='bbox 608 1571 751 1597; x_wconf 82' lang='lat' dir='ltr'><strong>inveiitarii</strong></span> <span class='ocrx_word' id='word_1_270' title='bbox 778 1569 887 1596; x_wconf 85' lang='lat' dir='ltr'><strong>nomine</strong></span> <span class='ocrx_word' id='word_1_271' title='bbox 908 1576 985 1595; x_wconf 79' lang='lat' dir='ltr'><strong>com-</strong></span> 
     </span>
    </p>
   </div>
   <div class='ocr_carea' id='block_1_44' title="bbox 204 1604 984 1640">
    <p class='ocr_par' dir='ltr' id='par_1_44' title="bbox 204 1604 984 1640">
     <span class='ocr_line' id='line_1_44' title="bbox 204 1604 984 1640; baseline 0.001 -11"><span class='ocrx_word' id='word_1_272' title='bbox 204 1606 366 1638; x_wconf 74' lang='lat' dir='ltr'><strong>prehendit?</strong></span> <span class='ocrx_word' id='word_1_273' title='bbox 390 1605 470 1639; x_wconf 86' lang='lat' dir='ltr'><strong>Atqui</strong></span> <span class='ocrx_word' id='word_1_274' title='bbox 497 1605 640 1640; x_wconf 73' lang='lat' dir='ltr'><strong>Dionysius</strong></span> <span class='ocrx_word' id='word_1_275' title='bbox 664 1610 767 1631; x_wconf 84' lang='lat' dir='ltr'><strong>tantum</strong></span> <span class='ocrx_word' id='word_1_276' title='bbox 795 1604 915 1638; x_wconf 75' lang='lat' dir='ltr'><strong>angelos,</strong></span> <span class='ocrx_word' id='word_1_277' title='bbox 936 1612 984 1640; x_wconf 40' lang='lat' dir='ltr'><strong>eo:</strong></span> 
     </span>
    </p>
   </div>
   <div class='ocr_carea' id='block_1_45' title="bbox 206 1639 985 1675">
    <p class='ocr_par' dir='ltr' id='par_1_45' title="bbox 206 1639 985 1675">
     <span class='ocr_line' id='line_1_45' title="bbox 206 1639 985 1675; baseline -0.001 -9"><span class='ocrx_word' id='word_1_278' title='bbox 206 1648 319 1675; x_wconf 85' lang='lat' dir='ltr'><strong>rumque</strong></span> <span class='ocrx_word' id='word_1_279' title='bbox 338 1641 448 1667; x_wconf 87' lang='lat' dir='ltr'><strong>ordines</strong></span> <span class='ocrx_word' id='word_1_280' title='bbox 458 1644 484 1666; x_wconf 89' lang='lat' dir='ltr'><strong>et</strong></span> <span class='ocrx_word' id='word_1_281' title='bbox 498 1639 586 1667; x_wconf 77' lang='lat' dir='ltr'><strong>cilicia</strong></span> <span class='ocrx_word' id='word_1_282' title='bbox 609 1641 765 1675; x_wconf 75' lang='lat' dir='ltr'><strong>descripsit,</strong></span> <span class='ocrx_word' id='word_1_283' title='bbox 781 1647 896 1674; x_wconf 88' lang='lat' dir='ltr'><strong>quorum</strong></span> <span class='ocrx_word' id='word_1_284' title='bbox 918 1639 985 1665; x_wconf 85' lang='lat' dir='ltr'><strong>nihil</strong></span> 
     </span>
    </p>
   </div>
   <div class='ocr_carea' id='block_1_46' title="bbox 204 1675 985 1710">
    <p class='ocr_par' dir='ltr' id='par_1_46' title="bbox 204 1675 985 1710">
     <span class='ocr_line' id='line_1_46' title="bbox 204 1675 985 1710; baseline -0.001 -9"><span class='ocrx_word' id='word_1_285' title='bbox 204 1683 253 1703; x_wconf 83' lang='lat' dir='ltr'><strong>nec</strong></span> <span class='ocrx_word' id='word_1_286' title='bbox 284 1684 309 1701; x_wconf 86' lang='grc' dir='ltr'>ιιι</span> <span class='ocrx_word' id='word_1_287' title='bbox 344 1675 506 1710; x_wconf 67' lang='grc' dir='ltr'>διιρειιθιιιΙι</span> <span class='ocrx_word' id='word_1_288' title='bbox 535 1676 691 1702; x_wconf 76' lang='lat' dir='ltr'><strong>continetur</strong></span> <span class='ocrx_word' id='word_1_289' title='bbox 713 1683 762 1702; x_wconf 89' lang='lat' dir='ltr'><strong>nec</strong></span> <span class='ocrx_word' id='word_1_290' title='bbox 786 1683 815 1710; x_wconf 84' lang='lat' dir='ltr'><strong>iii</strong></span> <span class='ocrx_word' id='word_1_291' title='bbox 834 1675 985 1700; x_wconf 71' lang='lat' dir='ltr'><strong>ll|\&#39;elll-trit)</strong></span> 
     </span>
    </p>
   </div>
   <div class='ocr_carea' id='block_1_47' title="bbox 203 1709 982 1745">
    <p class='ocr_par' dir='ltr' id='par_1_47' title="bbox 203 1709 982 1745">
     <span class='ocr_line' id='line_1_47' title="bbox 203 1709 982 1745; baseline 0 -9"><span class='ocrx_word' id='word_1_292' title='bbox 203 1710 343 1737; x_wconf 69' lang='lat' dir='ltr'><strong>scribitur.</strong></span> <span class='ocrx_word' id='word_1_293' title='bbox 359 1709 392 1737; x_wconf 76' lang='lat' dir='ltr'><strong>Et</strong></span> <span class='ocrx_word' id='word_1_294' title='bbox 403 1719 482 1745; x_wconf 86' lang='lat' dir='ltr'><strong>quam</strong></span> <span class='ocrx_word' id='word_1_295' title='bbox 501 1711 612 1737; x_wconf 88' lang='lat' dir='ltr'><strong>humilia</strong></span> <span class='ocrx_word' id='word_1_296' title='bbox 635 1713 684 1737; x_wconf 83' lang='lat' dir='ltr'><strong>ista</strong></span> <span class='ocrx_word' id='word_1_297' title='bbox 700 1711 733 1737; x_wconf 89' lang='lat' dir='ltr'><strong>de</strong></span> <span class='ocrx_word' id='word_1_298' title='bbox 757 1709 982 1736; x_wconf 82' lang='lat' dir='ltr'><strong>sublimissimis!</strong></span> 
     </span>
    </p>
   </div>
   <div class='ocr_carea' id='block_1_48' title="bbox 202 1745 983 1779">
    <p class='ocr_par' dir='ltr' id='par_1_48' title="bbox 202 1745 983 1779">
     <span class='ocr_line' id='line_1_48' title="bbox 202 1745 983 1779; baseline -0.004 -7"><span class='ocrx_word' id='word_1_299' title='bbox 202 1754 283 1779; x_wconf 82' lang='lat' dir='ltr'><strong>quam</strong></span> <span class='ocrx_word' id='word_1_300' title='bbox 298 1746 359 1772; x_wconf 80' lang='lat' dir='ltr'><strong>vilia</strong></span> <span class='ocrx_word' id='word_1_301' title='bbox 374 1748 407 1773; x_wconf 87' lang='lat' dir='ltr'><strong>de</strong></span> <span class='ocrx_word' id='word_1_302' title='bbox 420 1746 612 1772; x_wconf 82' lang='lat' dir='ltr'><strong>nobilissimis!</strong></span> <span class='ocrx_word' id='word_1_303' title='bbox 641 1745 737 1772; x_wconf 68' lang='lat' dir='ltr'><strong>Nescio</strong></span> <span class='ocrx_word' id='word_1_304' title='bbox 758 1753 791 1771; x_wconf 89' lang='lat' dir='ltr'><strong>an</strong></span> <span class='ocrx_word' id='word_1_305' title='bbox 816 1745 868 1770; x_wconf 77' lang='lat' dir='ltr'><strong>iste</strong></span> <span class='ocrx_word' id='word_1_306' title='bbox 892 1745 983 1776; x_wconf 84' lang='lat' dir='ltr'><strong>hoino,</strong></span> 
     </span>
    </p>
   </div>
   <div class='ocr_carea' id='block_1_49' title="bbox 203 1779 983 1812">
    <p class='ocr_par' dir='ltr' id='par_1_49' title="bbox 203 1779 983 1812">
     <span class='ocr_line' id='line_1_49' title="bbox 203 1779 983 1812; baseline 0 -6"><span class='ocrx_word' id='word_1_307' title='bbox 203 1786 267 1807; x_wconf 84' lang='lat' dir='ltr'><strong>dum</strong></span> <span class='ocrx_word' id='word_1_308' title='bbox 288 1781 332 1807; x_wconf 80' lang='lat' dir='ltr'><strong>illa</strong></span> <span class='ocrx_word' id='word_1_309' title='bbox 345 1782 488 1811; x_wconf 73' lang='lat' dir='ltr'><strong>scriberet.</strong></span> <span class='ocrx_word' id='word_1_310' title='bbox 513 1783 546 1807; x_wconf 90' lang='lat' dir='ltr'><strong>de</strong></span> <span class='ocrx_word' id='word_1_311' title='bbox 567 1782 699 1808; x_wconf 87' lang='lat' dir='ltr'><strong>movenda</strong></span> <span class='ocrx_word' id='word_1_312' title='bbox 727 1779 799 1807; x_wconf 85' lang='lat' dir='ltr'><strong>forte</strong></span> <span class='ocrx_word' id='word_1_313' title='bbox 822 1779 983 1812; x_wconf 81' lang='lat' dir='ltr'><strong>supellectili</strong></span> 
     </span>
    </p>
   </div>
   <div class='ocr_carea' id='block_1_50' title="bbox 204 1815 985 1847">
    <p class='ocr_par' dir='ltr' id='par_1_50' title="bbox 204 1815 985 1847">
     <span class='ocr_line' id='line_1_50' title="bbox 204 1815 985 1847; baseline -0.003 -5"><span class='ocrx_word' id='word_1_314' title='bbox 204 1817 363 1847; x_wconf 85' lang='lat' dir='ltr'><strong>domestica,</strong></span> <span class='ocrx_word' id='word_1_315' title='bbox 385 1821 432 1843; x_wconf 88' lang='lat' dir='ltr'><strong>aut</strong></span> <span class='ocrx_word' id='word_1_316' title='bbox 454 1816 599 1843; x_wconf 78' lang='lat' dir='ltr'><strong>Scribendo</strong></span> <span class='ocrx_word' id='word_1_317' title='bbox 617 1823 707 1842; x_wconf 85' lang='lat' dir='ltr'><strong>rerum</strong></span> <span class='ocrx_word' id='word_1_318' title='bbox 730 1822 841 1842; x_wconf 83' lang='lat' dir='ltr'><strong>suarum</strong></span> <span class='ocrx_word' id='word_1_319' title='bbox 860 1815 985 1840; x_wconf 83' lang='lat' dir='ltr'><strong>inventa-</strong></span> 
     </span>
    </p>
   </div>
   <div class='ocr_carea' id='block_1_51' title="bbox 205 1849 984 1885">
    <p class='ocr_par' dir='ltr' id='par_1_51' title="bbox 205 1849 984 1885">
     <span class='ocr_line' id='line_1_51' title="bbox 205 1849 984 1885; baseline -0.001 -8"><span class='ocrx_word' id='word_1_320' title='bbox 205 1852 244 1877; x_wconf 77' lang='grc' dir='ltr'><strong>ι·ιο</strong></span> <span class='ocrx_word' id='word_1_321' title='bbox 268 1852 306 1882; x_wconf 71' lang='lat' dir='ltr'><strong>(in</strong></span> <span class='ocrx_word' id='word_1_322' title='bbox 329 1859 384 1885; x_wconf 86' lang='lat' dir='ltr'><strong>quo</strong></span> <span class='ocrx_word' id='word_1_323' title='bbox 408 1857 436 1878; x_wconf 88' lang='lat' dir='ltr'><strong>et</strong></span> <span class='ocrx_word' id='word_1_324' title='bbox 451 1857 563 1878; x_wconf 81' lang='lat' dir='ltr'><strong>uxorem</strong></span> <span class='ocrx_word' id='word_1_325' title='bbox 582 1856 610 1877; x_wconf 90' lang='lat' dir='ltr'><strong>et</strong></span> <span class='ocrx_word' id='word_1_326' title='bbox 628 1852 769 1885; x_wconf 88' lang='lat' dir='ltr'><strong>utriusque</strong></span> <span class='ocrx_word' id='word_1_327' title='bbox 789 1849 984 1885; x_wconf 80' lang='lat' dir='ltr'><strong>sexusliberos</strong></span> 
     </span>
    </p>
   </div>
   <div class='ocr_carea' id='block_1_52' title="bbox 203 1884 984 1920">
    <p class='ocr_par' dir='ltr' id='par_1_52' title="bbox 203 1884 984 1920">
     <span class='ocr_line' id='line_1_52' title="bbox 203 1884 984 1920; baseline -0.001 -8"><span class='ocrx_word' id='word_1_328' title='bbox 203 1884 459 1920; x_wconf 78' lang='lat' dir='ltr'><strong>comprehenderat)</strong></span> <span class='ocrx_word' id='word_1_329' title='bbox 476 1887 622 1920; x_wconf 63' lang='lat' dir='ltr'><strong>cogitaret.</strong></span> <span class='ocrx_word' id='word_1_330' title='bbox 639 1884 782 1913; x_wconf 27' lang='lat' dir='ltr'><strong>Docen’dus</strong></span> <span class='ocrx_word' id='word_1_331' title='bbox 797 1889 844 1920; x_wconf 80' lang='lat' dir='ltr'><strong>est</strong></span> <span class='ocrx_word' id='word_1_332' title='bbox 858 1884 984 1911; x_wconf 77' lang='lat' dir='ltr'><strong>videlicet</strong></span> 
     </span>
    </p>
   </div>
   <div class='ocr_carea' id='block_1_53' title="bbox 203 1919 984 1955">
    <p class='ocr_par' dir='ltr' id='par_1_53' title="bbox 203 1919 984 1955">
     <span class='ocr_line' id='line_1_53' title="bbox 203 1919 984 1955; baseline -0.003 -8"><span class='ocrx_word' id='word_1_333' title='bbox 203 1919 332 1948; x_wconf 81' lang='lat' dir='ltr'><strong>minister</strong></span> <span class='ocrx_word' id='word_1_334' title='bbox 352 1919 476 1954; x_wconf 33' lang='lat' dir='ltr'><strong>Silesiu&#39;s,</strong></span> <span class='ocrx_word' id='word_1_335' title='bbox 497 1919 563 1955; x_wconf 75' lang='lat' dir='ltr'><strong>quid</strong></span> <span class='ocrx_word' id='word_1_336' title='bbox 589 1921 775 1954; x_wconf 85' lang='lat' dir='ltr'><strong>supellectilis,</strong></span> <span class='ocrx_word' id='word_1_337' title='bbox 800 1919 865 1954; x_wconf 87' lang='lat' dir='ltr'><strong>quid</strong></span> <span class='ocrx_word' id='word_1_338' title='bbox 887 1920 984 1946; x_wconf 86' lang='lat' dir='ltr'><strong>inven-</strong></span> 
     </span>
    </p>
   </div>
   <div class='ocr_carea' id='block_1_54' title="bbox 204 1954 986 1992">
    <p class='ocr_par' dir='ltr' id='par_1_54' title="bbox 204 1954 986 1992">
     <span class='ocr_line' id='line_1_54' title="bbox 204 1954 986 1992; baseline -0.001 -10"><span class='ocrx_word' id='word_1_339' title='bbox 204 1957 266 1983; x_wconf 89' lang='lat' dir='ltr'><strong>tarii</strong></span> <span class='ocrx_word' id='word_1_340' title='bbox 292 1958 403 1992; x_wconf 86' lang='lat' dir='ltr'><strong>nomine</strong></span> <span class='ocrx_word' id='word_1_341' title='bbox 433 1954 536 1984; x_wconf 78' lang='lat' dir='ltr'><strong>veniat.</strong></span> <span class='ocrx_word' id='word_1_342' title='bbox 563 1965 572 1982; x_wconf 78' lang='grc' dir='ltr'><strong>ι</strong></span> <span class='ocrx_word' id='word_1_343' title='bbox 597 1955 780 1992; x_wconf 80' lang='lat' dir='ltr'><strong>Supellectilis</strong></span> <span class='ocrx_word' id='word_1_344' title='bbox 819 1954 928 1992; x_wconf 79' lang='lat' dir='ltr'><strong>nouiine</strong></span> <span class='ocrx_word' id='word_1_345' title='bbox 943 1956 986 1992; x_wconf 73' lang='lat' dir='ltr'><strong>(ut</strong></span> 
     </span>
    </p>
   </div>
   <div class='ocr_carea' id='block_1_55' title="bbox 204 1989 983 2026">
    <p class='ocr_par' dir='ltr' id='par_1_55' title="bbox 204 1989 983 2026">
     <span class='ocr_line' id='line_1_55' title="bbox 204 1989 983 2026; baseline -0.005 -8"><span class='ocrx_word' id='word_1_346' title='bbox 204 1992 292 2026; x_wconf 88' lang='lat' dir='ltr'><strong>inquit</strong></span> <span class='ocrx_word' id='word_1_347' title='bbox 317 1991 429 2024; x_wconf 71' lang='lat' dir='ltr'><strong>l’aulus)</strong></span> <span class='ocrx_word' id='word_1_348' title='bbox 453 1991 628 2018; x_wconf 86' lang='lat' dir='ltr'><strong>continentur</strong></span> <span class='ocrx_word' id='word_1_349' title='bbox 638 1989 762 2026; x_wconf 61' lang='lat' dir='ltr'><strong>&quot;intonsae,</strong></span> <span class='ocrx_word' id='word_1_350' title='bbox 783 1989 983 2026; x_wconf 82' lang='lat' dir='ltr'><strong>trapezophori,</strong></span> 
     </span>
    </p>
   </div>
   <div class='ocr_carea' id='block_1_56' title="bbox 203 2024 985 2062">
    <p class='ocr_par' dir='ltr' id='par_1_56' title="bbox 203 2024 985 2062">
     <span class='ocr_line' id='line_1_56' title="bbox 203 2024 985 2062; baseline -0.004 -9"><span class='ocrx_word' id='word_1_351' title='bbox 203 2024 344 2062; x_wconf 62' lang='lat' dir='ltr'><strong>dcipiiicw,</strong></span> <span class='ocrx_word' id='word_1_352' title='bbox 358 2026 497 2058; x_wconf 83' lang='lat' dir='ltr'><strong>subsellia,</strong></span> <span class='ocrx_word' id='word_1_353' title='bbox 508 2033 629 2062; x_wconf 82' lang='lat' dir='ltr'><strong>scamna,</strong></span> <span class='ocrx_word' id='word_1_354' title='bbox 646 2024 709 2052; x_wconf 88' lang='lat' dir='ltr'><strong>lecti</strong></span> <span class='ocrx_word' id='word_1_355' title='bbox 733 2025 906 2057; x_wconf 74' lang='lat' dir='ltr'><strong>inargentati,</strong></span> <span class='ocrx_word' id='word_1_356' title='bbox 926 2024 985 2062; x_wconf 81' lang='lat' dir='ltr'><strong>cul-</strong></span> 
     </span>
    </p>
   </div>
   <div class='ocr_carea' id='block_1_57' title="bbox 203 2058 985 2095">
    <p class='ocr_par' dir='ltr' id='par_1_57' title="bbox 203 2058 985 2095">
     <span class='ocr_line' id='line_1_57' title="bbox 203 2058 985 2095; baseline -0.006 -7"><span class='ocrx_word' id='word_1_357' title='bbox 203 2058 291 2095; x_wconf 65' lang='lat' dir='ltr'><strong>citrw,</strong></span> <span class='ocrx_word' id='word_1_358' title='bbox 309 2062 415 2094; x_wconf 84' lang='lat' dir='ltr'><strong>toralia,</strong></span> <span class='ocrx_word' id='word_1_359' title='bbox 429 2068 535 2095; x_wconf 81' lang='lat' dir='ltr'><strong>mappa:</strong></span> <span class='ocrx_word' id='word_1_360' title='bbox 563 2060 674 2091; x_wconf 65' lang='lat' dir='ltr'><strong>villosae,</strong></span> <span class='ocrx_word' id='word_1_361' title='bbox 699 2067 763 2086; x_wconf 87' lang='lat' dir='ltr'><strong>vasa</strong></span> <span class='ocrx_word' id='word_1_362' title='bbox 785 2065 910 2092; x_wconf 79' lang='lat' dir='ltr'><strong>aquaria,</strong></span> <span class='ocrx_word' id='word_1_363' title='bbox 926 2058 985 2092; x_wconf 87' lang='lat' dir='ltr'><strong>pel-</strong></span> 
     </span>
    </p>
   </div>
   <div class='ocr_carea' id='block_1_58' title="bbox 204 2095 983 2131">
    <p class='ocr_par' dir='ltr' id='par_1_58' title="bbox 204 2095 983 2131">
     <span class='ocr_line' id='line_1_58' title="bbox 204 2095 983 2131; baseline -0.005 -7"><span class='ocrx_word' id='word_1_364' title='bbox 204 2104 260 2129; x_wconf 60' lang='lat' dir='ltr'><strong>res,</strong></span> <span class='ocrx_word' id='word_1_365' title='bbox 285 2097 483 2131; x_wconf 76' lang='lat' dir='ltr'><strong>aquiniinaria,</strong></span> <span class='ocrx_word' id='word_1_366' title='bbox 512 2095 694 2127; x_wconf 78' lang='lat' dir='ltr'><strong>candelabra,</strong></span> <span class='ocrx_word' id='word_1_367' title='bbox 720 2095 856 2124; x_wconf 55' lang='lat' dir='ltr'><strong>lucernas,</strong></span> <span class='ocrx_word' id='word_1_368' title='bbox 877 2096 983 2131; x_wconf 62' lang='lat' dir='ltr'><strong>trullas,</strong></span> 
     </span>
    </p>
   </div>
   <div class='ocr_carea' id='block_1_59' title="bbox 205 2129 984 2165">
    <p class='ocr_par' dir='ltr' id='par_1_59' title="bbox 205 2129 984 2165">
     <span class='ocr_line' id='line_1_59' title="bbox 205 2129 984 2165; baseline -0.003 -6"><span class='ocrx_word' id='word_1_369' title='bbox 205 2139 269 2159; x_wconf 80' lang='lat' dir='ltr'><strong>\‘as&#39;a</strong></span> <span class='ocrx_word' id='word_1_370' title='bbox 285 2129 372 2164; x_wconf 70' lang='lat' dir='ltr'><strong>aenea,</strong></span> <span class='ocrx_word' id='word_1_371' title='bbox 388 2132 522 2165; x_wconf 77' lang='lat' dir='ltr'><strong>vulgaria,</strong></span> <span class='ocrx_word' id='word_1_372' title='bbox 534 2134 561 2157; x_wconf 85' lang='lat' dir='ltr'><strong>id</strong></span> <span class='ocrx_word' id='word_1_373' title='bbox 573 2136 615 2158; x_wconf 85' lang='lat' dir='ltr'><strong>est</strong></span> <span class='ocrx_word' id='word_1_374' title='bbox 633 2138 694 2164; x_wconf 75' lang='lat' dir='ltr'><strong>qua:</strong></span> <span class='ocrx_word' id='word_1_375' title='bbox 720 2137 772 2157; x_wconf 90' lang='lat' dir='ltr'><strong>non</strong></span> <span class='ocrx_word' id='word_1_376' title='bbox 793 2129 902 2163; x_wconf 89' lang='lat' dir='ltr'><strong>proprio</strong></span> <span class='ocrx_word' id='word_1_377' title='bbox 919 2135 984 2157; x_wconf 82' lang='lat' dir='ltr'><strong>sunt</strong></span> 
     </span>
    </p>
   </div>
   <div class='ocr_carea' id='block_1_60' title="bbox 203 2164 982 2200">
    <p class='ocr_par' dir='ltr' id='par_1_60' title="bbox 203 2164 982 2200">
     <span class='ocr_line' id='line_1_60' title="bbox 203 2164 982 2200; baseline -0.004 -8"><span class='ocrx_word' id='word_1_378' title='bbox 203 2167 265 2194; x_wconf 89' lang='lat' dir='ltr'><strong>loco</strong></span> <span class='ocrx_word' id='word_1_379' title='bbox 280 2168 410 2193; x_wconf 88' lang='lat' dir='ltr'><strong>attributa</strong></span> <span class='ocrx_word' id='word_1_380' title='bbox 425 2164 592 2200; x_wconf 55' lang='lat' dir='ltr'><strong>{prae-terea,</strong></span> <span class='ocrx_word' id='word_1_381' title='bbox 617 2174 715 2199; x_wconf 54' lang='lat' dir='ltr'><strong>capsae,</strong></span> <span class='ocrx_word' id='word_1_382' title='bbox 738 2164 982 2200; x_wconf 29' lang='lat' dir='ltr'><strong>arium-ianvitrea,</strong></span> 
     </span>
    </p>
   </div>
   <div class='ocr_carea' id='block_1_61' title="bbox 203 2198 984 2236">
    <p class='ocr_par' dir='ltr' id='par_1_61' title="bbox 203 2198 984 2236">
     <span class='ocr_line' id='line_1_61' title="bbox 203 2198 984 2236; baseline -0.005 -8"><span class='ocrx_word' id='word_1_383' title='bbox 203 2209 320 2232; x_wconf 83' lang='lat' dir='ltr'><strong>escaria,</strong></span> <span class='ocrx_word' id='word_1_384' title='bbox 330 2202 435 2236; x_wconf 88' lang='lat' dir='ltr'><strong>poortia</strong></span> <span class='ocrx_word' id='word_1_385' title='bbox 442 2198 512 2236; x_wconf 71' lang='lat' dir='ltr'><strong>(sic).</strong></span> <span class='ocrx_word' id='word_1_386' title='bbox 525 2210 534 2226; x_wconf 77' lang='grc' dir='ltr'><strong>ι</strong></span> <span class='ocrx_word' id='word_1_387' title='bbox 542 2200 606 2228; x_wconf 73' lang='grc' dir='ltr'>Ηιιευ</span> <span class='ocrx_word' id='word_1_388' title='bbox 617 2199 779 2235; x_wconf 81' lang='lat' dir='ltr'><strong>Sipontinus</strong></span> <span class='ocrx_word' id='word_1_389' title='bbox 786 2207 818 2228; x_wconf 79' lang='lat' dir='ltr'><strong>ex</strong></span> <span class='ocrx_word' id='word_1_390' title='bbox 824 2198 859 2226; x_wconf 78' lang='lat'><strong>‘25</strong></span> <span class='ocrx_word' id='word_1_391' title='bbox 864 2198 891 2236; x_wconf 85' lang='lat' dir='ltr'><strong>ii&#39;.</strong></span> <span class='ocrx_word' id='word_1_392' title='bbox 898 2198 932 2236; x_wconf 81' lang='lat' dir='ltr'><strong>de</strong></span> <span class='ocrx_word' id='word_1_393' title='bbox 939 2206 984 2236; x_wconf 75' lang='lat' dir='ltr'><strong>su-</strong></span> 
     </span>
    </p>
   </div>
   <div class='ocr_carea' id='block_1_62' title="bbox 203 2234 984 2270">
    <p class='ocr_par' dir='ltr' id='par_1_62' title="bbox 203 2234 984 2270">
     <span class='ocr_line' id='line_1_62' title="bbox 203 2234 984 2270; baseline -0.005 -7"><span class='ocrx_word' id='word_1_394' title='bbox 203 2234 338 2269; x_wconf 79' lang='lat' dir='ltr'><strong>pellectile</strong></span> <span class='ocrx_word' id='word_1_395' title='bbox 350 2234 452 2270; x_wconf 66' lang='lat' dir='ltr'><strong>legata.</strong></span> <span class='ocrx_word' id='word_1_396' title='bbox 467 2234 545 2264; x_wconf 77' lang='lat' dir='ltr'><strong>Nulla</strong></span> <span class='ocrx_word' id='word_1_397' title='bbox 560 2238 596 2264; x_wconf 89' lang='lat' dir='ltr'><strong>ibi</strong></span> <span class='ocrx_word' id='word_1_398' title='bbox 614 2234 804 2269; x_wconf 80' lang='lat' dir='ltr'><strong>personarum,</strong></span> <span class='ocrx_word' id='word_1_399' title='bbox 822 2235 897 2262; x_wconf 86' lang='lat' dir='ltr'><strong>nulla</strong></span> <span class='ocrx_word' id='word_1_400' title='bbox 911 2234 984 2270; x_wconf 70' lang='lat' dir='ltr'><strong>libe-</strong></span> 
     </span>
    </p>
   </div>
   <div class='ocr_carea' id='block_1_63' title="bbox 203 2269 987 2299">
    <p class='ocr_par' dir='ltr' id='par_1_63' title="bbox 203 2269 987 2299">
     <span class='ocr_line' id='line_1_63' title="bbox 203 2269 987 2299; baseline -0.004 -2"><span class='ocrx_word' id='word_1_401' title='bbox 203 2278 295 2298; x_wconf 89' lang='lat' dir='ltr'><strong>roruin</strong></span> <span class='ocrx_word' id='word_1_402' title='bbox 311 2269 422 2299; x_wconf 73' lang='lat' dir='ltr'><strong>mentio.</strong></span> <span class='ocrx_word' id='word_1_403' title='bbox 451 2271 489 2298; x_wconf 91' lang='lat' dir='ltr'><strong>De</strong></span> <span class='ocrx_word' id='word_1_404' title='bbox 499 2273 654 2299; x_wconf 81' lang='lat' dir='ltr'><strong>inventario</strong></span> <span class='ocrx_word' id='word_1_405' title='bbox 670 2273 734 2298; x_wconf 91' lang='lat' dir='ltr'><strong>item</strong></span> <span class='ocrx_word' id='word_1_406' title='bbox 751 2273 792 2298; x_wconf 87' lang='lat' dir='ltr'><strong>sic</strong></span> <span class='ocrx_word' id='word_1_407' title='bbox 812 2275 889 2296; x_wconf 87' lang='lat' dir='ltr'><strong>vetus</strong></span> <span class='ocrx_word' id='word_1_408' title='bbox 904 2269 987 2296; x_wconf 86' lang='lat' dir='ltr'><strong>Glos-</strong></span> 
     </span>
    </p>
   </div>
   <div class='ocr_carea' id='block_1_64' title="bbox 204 2304 986 2341">
    <p class='ocr_par' dir='ltr' id='par_1_64' title="bbox 204 2304 986 2341">
     <span class='ocr_line' id='line_1_64' title="bbox 204 2304 986 2341; baseline 0 -9"><span class='ocrx_word' id='word_1_409' title='bbox 204 2308 306 2332; x_wconf 80' lang='lat' dir='ltr'><strong>sarium</strong></span> <span class='ocrx_word' id='word_1_410' title='bbox 320 2315 326 2333; x_wconf 89' lang='lat'><strong>:</strong></span> <span class='ocrx_word' id='word_1_411' title='bbox 348 2316 357 2332; x_wconf 77' lang='grc' dir='ltr'><strong>ι</strong></span> <span class='ocrx_word' id='word_1_412' title='bbox 372 2306 558 2334; x_wconf 88' lang='lat' dir='ltr'><strong>lnventarium</strong></span> <span class='ocrx_word' id='word_1_413' title='bbox 573 2308 673 2334; x_wconf 86' lang='lat' dir='ltr'><strong>dicitur</strong></span> <span class='ocrx_word' id='word_1_414' title='bbox 690 2307 801 2341; x_wconf 83' lang='lat' dir='ltr'><strong>quidam</strong></span> <span class='ocrx_word' id='word_1_415' title='bbox 827 2304 945 2335; x_wconf 85' lang='lat' dir='ltr'><strong>libellus,</strong></span> <span class='ocrx_word' id='word_1_416' title='bbox 959 2304 986 2332; x_wconf 85' lang='lat' dir='ltr'><strong>iu</strong></span> 
     </span>
    </p>
   </div>
   <div class='ocr_carea' id='block_1_65' title="bbox 203 2341 985 2377">
    <p class='ocr_par' dir='ltr' id='par_1_65' title="bbox 203 2341 985 2377">
     <span class='ocr_line' id='line_1_65' title="bbox 203 2341 985 2377; baseline -0.001 -11"><span class='ocrx_word' id='word_1_417' title='bbox 203 2348 257 2374; x_wconf 85' lang='lat' dir='ltr'><strong>quo</strong></span> <span class='ocrx_word' id='word_1_418' title='bbox 280 2342 371 2368; x_wconf 86' lang='lat' dir='ltr'><strong>omnia</strong></span> <span class='ocrx_word' id='word_1_419' title='bbox 389 2344 468 2374; x_wconf 84' lang='lat' dir='ltr'><strong>bona,</strong></span> <span class='ocrx_word' id='word_1_420' title='bbox 484 2350 544 2377; x_wconf 78' lang='lat' dir='ltr'><strong>qua:</strong></span> <span class='ocrx_word' id='word_1_421' title='bbox 560 2343 631 2376; x_wconf 90' lang='lat' dir='ltr'><strong>apud</strong></span> <span class='ocrx_word' id='word_1_422' title='bbox 650 2341 985 2377; x_wconf 12' lang='lat' dir='ltr'><strong>aliquem“inveniuntur,</strong></span> 
     </span>
    </p>
   </div>
   <div class='ocr_carea' id='block_1_66' title="bbox 203 2375 986 2412">
    <p class='ocr_par' dir='ltr' id='par_1_66' title="bbox 203 2375 986 2412">
     <span class='ocr_line' id='line_1_66' title="bbox 203 2375 986 2412; baseline -0.001 -11"><span class='ocrx_word' id='word_1_423' title='bbox 203 2377 424 2412; x_wconf 79' lang='lat' dir='ltr'><strong>conscribuntur.</strong></span> <span class='ocrx_word' id='word_1_424' title='bbox 444 2386 454 2402; x_wconf 72' lang='grc' dir='ltr'><strong>ι</strong></span> <span class='ocrx_word' id='word_1_425' title='bbox 491 2375 827 2412; x_wconf 64' lang='grc' dir='ltr'>Βενειίιυιήυιιι⁷ίῳυθὶιιιι</span> <span class='ocrx_word' id='word_1_426' title='bbox 854 2375 986 2409; x_wconf 87' lang='lat' dir='ltr'><strong>Ulpianus</strong></span> 
     </span>
    </p>
   </div>
   <div class='ocr_carea' id='block_1_67' title="bbox 202 2411 986 2444">
    <p class='ocr_par' dir='ltr' id='par_1_67' title="bbox 202 2411 986 2444">
     <span class='ocr_line' id='line_1_67' title="bbox 202 2411 986 2444; baseline -0.001 -8"><span class='ocrx_word' id='word_1_427' title='bbox 202 2411 343 2444; x_wconf 84' lang='lat' dir='ltr'><strong>aliquanto</strong></span> <span class='ocrx_word' id='word_1_428' title='bbox 361 2413 497 2444; x_wconf 84' lang='lat' dir='ltr'><strong>Latinius,</strong></span> <span class='ocrx_word' id='word_1_429' title='bbox 512 2411 557 2439; x_wconf 82' lang='lat' dir='ltr'><strong>ubi</strong></span> <span class='ocrx_word' id='word_1_430' title='bbox 573 2413 606 2439; x_wconf 82' lang='lat' dir='ltr'><strong>de</strong></span> <span class='ocrx_word' id='word_1_431' title='bbox 624 2411 860 2440; x_wconf 80' lang='lat' dir='ltr'><strong>administratione</strong></span> <span class='ocrx_word' id='word_1_432' title='bbox 872 2417 897 2437; x_wconf 84' lang='lat' dir='ltr'><strong>et</strong></span> <span class='ocrx_word' id='word_1_433' title='bbox 914 2417 986 2444; x_wconf 79' lang='lat' dir='ltr'><strong>peri-</strong></span> 
     </span>
    </p>
   </div>
   <div class='ocr_carea' id='block_1_68' title="bbox 201 2445 985 2479">
    <p class='ocr_par' dir='ltr' id='par_1_68' title="bbox 201 2445 985 2479">
     <span class='ocr_line' id='line_1_68' title="bbox 201 2445 985 2479; baseline 0.009 -8"><span class='ocrx_word' id='word_1_434' title='bbox 201 2447 263 2472; x_wconf 77' lang='lat' dir='ltr'><strong>culo</strong></span> <span class='ocrx_word' id='word_1_435' title='bbox 280 2450 412 2479; x_wconf 86' lang='lat' dir='ltr'><strong>tutorum,</strong></span> <span class='ocrx_word' id='word_1_436' title='bbox 428 2448 460 2475; x_wconf 78' lang='grc' dir='ltr'><strong>Ι..</strong></span> <span class='ocrx_word' id='word_1_437' title='bbox 476 2447 571 2479; x_wconf 79' lang='lat' dir='ltr'><strong>Tutor,</strong></span> <span class='ocrx_word' id='word_1_438' title='bbox 586 2448 626 2475; x_wconf 79' lang='lat' dir='ltr'><strong>sic</strong></span> <span class='ocrx_word' id='word_1_439' title='bbox 650 2448 762 2475; x_wconf 80' lang='lat' dir='ltr'><strong>scribit:</strong></span> <span class='ocrx_word' id='word_1_440' title='bbox 786 2455 795 2470; x_wconf 78' lang='grc' dir='ltr'><strong>ι</strong></span> <span class='ocrx_word' id='word_1_441' title='bbox 810 2445 910 2478; x_wconf 71' lang='lat' dir='ltr'><strong>Tutor;</strong></span> <span class='ocrx_word' id='word_1_442' title='bbox 939 2445 985 2479; x_wconf 84' lang='lat' dir='ltr'><strong>qui</strong></span> 
     </span>
    </p>
   </div>
   <div class='ocr_carea' id='block_1_69' title="bbox 203 2479 984 2516">
    <p class='ocr_par' dir='ltr' id='par_1_69' title="bbox 203 2479 984 2516">
     <span class='ocr_line' id='line_1_69' title="bbox 203 2479 984 2516; baseline -0.001 -10"><span class='ocrx_word' id='word_1_443' title='bbox 203 2482 383 2515; x_wconf 80' lang='lat' dir='ltr'><strong>repei‘torium</strong></span> <span class='ocrx_word' id='word_1_444' title='bbox 411 2490 464 2508; x_wconf 93' lang='lat' dir='ltr'><strong>non</strong></span> <span class='ocrx_word' id='word_1_445' title='bbox 490 2483 566 2515; x_wconf 82' lang='lat' dir='ltr'><strong>fecit,</strong></span> <span class='ocrx_word' id='word_1_446' title='bbox 587 2485 659 2516; x_wconf 86' lang='lat' dir='ltr'><strong>quod</strong></span> <span class='ocrx_word' id='word_1_447' title='bbox 688 2483 769 2515; x_wconf 70' lang='lat' dir='ltr'><strong>vulgo</strong></span> <span class='ocrx_word' id='word_1_448' title='bbox 799 2479 984 2508; x_wconf 72' lang='lat' dir='ltr'><strong>iuventariuni</strong></span> 
     </span>
    </p>
   </div>
   <div class='ocr_carea' id='block_1_70' title="bbox 201 2515 984 2550">
    <p class='ocr_par' dir='ltr' id='par_1_70' title="bbox 201 2515 984 2550">
     <span class='ocr_line' id='line_1_70' title="bbox 201 2515 984 2550; baseline 0 -9"><span class='ocrx_word' id='word_1_449' title='bbox 201 2515 368 2550; x_wconf 78' lang='lat' dir='ltr'><strong>appellatur,</strong></span> <span class='ocrx_word' id='word_1_450' title='bbox 391 2518 453 2544; x_wconf 87' lang='lat' dir='ltr'><strong>dolo</strong></span> <span class='ocrx_word' id='word_1_451' title='bbox 468 2517 565 2544; x_wconf 81' lang='lat' dir='ltr'><strong>fecisse</strong></span> <span class='ocrx_word' id='word_1_452' title='bbox 581 2515 698 2549; x_wconf 83' lang='lat' dir='ltr'><strong>videtur,</strong></span> <span class='ocrx_word' id='word_1_453' title='bbox 722 2518 773 2544; x_wconf 82' lang='lat' dir='ltr'><strong>nisi</strong></span> <span class='ocrx_word' id='word_1_454' title='bbox 792 2516 866 2543; x_wconf 84' lang='lat' dir='ltr'><strong>forte</strong></span> <span class='ocrx_word' id='word_1_455' title='bbox 892 2515 984 2548; x_wconf 81' lang='lat' dir='ltr'><strong>aliqua</strong></span> 
     </span>
    </p>
   </div>
   <div class='ocr_carea' id='block_1_71' title="bbox 202 2550 985 2587">
    <p class='ocr_par' dir='ltr' id='par_1_71' title="bbox 202 2550 985 2587">
     <span class='ocr_line' id='line_1_71' title="bbox 202 2550 985 2587; baseline -0.001 -10"><span class='ocrx_word' id='word_1_456' title='bbox 202 2552 356 2578; x_wconf 70' lang='lat' dir='ltr'><strong>necessaria</strong></span> <span class='ocrx_word' id='word_1_457' title='bbox 367 2557 395 2579; x_wconf 84' lang='lat' dir='ltr'><strong>et</strong></span> <span class='ocrx_word' id='word_1_458' title='bbox 406 2553 559 2587; x_wconf 81' lang='lat' dir='ltr'><strong>justissima</strong></span> <span class='ocrx_word' id='word_1_459' title='bbox 576 2561 659 2579; x_wconf 82' lang='lat' dir='ltr'><strong>causa</strong></span> <span class='ocrx_word' id='word_1_460' title='bbox 673 2554 784 2587; x_wconf 60' lang='lat' dir='ltr'><strong>ulle-gari</strong></span> <span class='ocrx_word' id='word_1_461' title='bbox 799 2551 886 2587; x_wconf 68' lang='lat' dir='ltr'><strong>possit</strong></span> <span class='ocrx_word' id='word_1_462' title='bbox 897 2557 946 2587; x_wconf 87' lang='lat' dir='ltr'><strong>cur</strong></span> <span class='ocrx_word' id='word_1_463' title='bbox 957 2550 985 2576; x_wconf 91' lang='lat' dir='ltr'><strong>id</strong></span> 
     </span>
    </p>
   </div>
   <div class='ocr_carea' id='block_1_72' title="bbox 202 2585 986 2621">
    <p class='ocr_par' dir='ltr' id='par_1_72' title="bbox 202 2585 986 2621">
     <span class='ocr_line' id='line_1_72' title="bbox 202 2585 986 2621; baseline 0 -9"><span class='ocrx_word' id='word_1_464' title='bbox 202 2589 302 2613; x_wconf 68' lang='lat' dir='ltr'><strong>iactum</strong></span> <span class='ocrx_word' id='word_1_465' title='bbox 321 2594 374 2614; x_wconf 91' lang='grc' dir='ltr'>ιιοιι</span> <span class='ocrx_word' id='word_1_466' title='bbox 387 2585 449 2614; x_wconf 70' lang='grc' dir='ltr'><strong>δὴ.»</strong></span> <span class='ocrx_word' id='word_1_467' title='bbox 472 2587 571 2621; x_wconf 80' lang='lat' dir='ltr'><strong>Aliqua</strong></span> <span class='ocrx_word' id='word_1_468' title='bbox 596 2595 661 2621; x_wconf 73' lang='lat' dir='ltr'><strong>ergo</strong></span> <span class='ocrx_word' id='word_1_469' title='bbox 682 2585 822 2615; x_wconf 71' lang='lat' dir='ltr'><strong>debuisset</strong></span> <span class='ocrx_word' id='word_1_470' title='bbox 845 2585 986 2612; x_wconf 83' lang='lat' dir='ltr'><strong>Scultetus</strong></span> 
     </span>
    </p>
   </div>
   <div class='ocr_carea' id='block_1_73' title="bbox 201 2620 984 2657">
    <p class='ocr_par' dir='ltr' id='par_1_73' title="bbox 201 2620 984 2657">
     <span class='ocr_line' id='line_1_73' title="bbox 201 2620 984 2657; baseline -0.003 -10"><span class='ocrx_word' id='word_1_471' title='bbox 201 2621 325 2656; x_wconf 84' lang='lat' dir='ltr'><strong>proferre</strong></span> <span class='ocrx_word' id='word_1_472' title='bbox 341 2630 355 2649; x_wconf 89' lang='lat' dir='ltr'><strong>a</strong></span> <span class='ocrx_word' id='word_1_473' title='bbox 370 2622 499 2657; x_wconf 87' lang='lat' dir='ltr'><strong>Dionysio</strong></span> <span class='ocrx_word' id='word_1_474' title='bbox 514 2620 684 2655; x_wconf 64' lang='lat' dir='ltr'><strong>enumerata,</strong></span> <span class='ocrx_word' id='word_1_475' title='bbox 703 2630 763 2656; x_wconf 71' lang='lat' dir='ltr'><strong>qua:</strong></span> <span class='ocrx_word' id='word_1_476' title='bbox 783 2622 904 2654; x_wconf 83' lang='lat' dir='ltr'><strong>aliquam</strong></span> <span class='ocrx_word' id='word_1_477' title='bbox 929 2620 984 2646; x_wconf 83' lang='lat' dir='ltr'><strong>sai-</strong></span> 
     </span>
    </p>
   </div>
   <div class='ocr_carea' id='block_1_74' title="bbox 203 2657 985 2693">
    <p class='ocr_par' dir='ltr' id='par_1_74' title="bbox 203 2657 985 2693">
     <span class='ocr_line' id='line_1_74' title="bbox 203 2657 985 2693; baseline -0.003 -10"><span class='ocrx_word' id='word_1_478' title='bbox 203 2664 255 2684; x_wconf 87' lang='lat' dir='ltr'><strong>teui</strong></span> <span class='ocrx_word' id='word_1_479' title='bbox 270 2664 331 2684; x_wconf 86' lang='lat' dir='ltr'><strong>cum</strong></span> <span class='ocrx_word' id='word_1_480' title='bbox 347 2658 399 2690; x_wconf 84' lang='lat' dir='ltr'><strong>his,</strong></span> <span class='ocrx_word' id='word_1_481' title='bbox 412 2665 472 2693; x_wconf 66' lang='lat' dir='ltr'><strong>qua:</strong></span> <span class='ocrx_word' id='word_1_482' title='bbox 483 2657 555 2684; x_wconf 87' lang='lat' dir='ltr'><strong>dicta</strong></span> <span class='ocrx_word' id='word_1_483' title='bbox 580 2662 644 2684; x_wconf 88' lang='lat' dir='ltr'><strong>sunt</strong></span> <span class='ocrx_word' id='word_1_484' title='bbox 660 2657 869 2684; x_wconf 83' lang='lat' dir='ltr'><strong>similitudinem</strong></span> <span class='ocrx_word' id='word_1_485' title='bbox 884 2662 985 2689; x_wconf 68' lang='lat' dir='ltr'><strong>reprae-</strong></span> 
     </span>
    </p>
   </div>
   <div class='ocr_carea' id='block_1_75' title="bbox 202 2693 984 2728">
    <p class='ocr_par' dir='ltr' id='par_1_75' title="bbox 202 2693 984 2728">
     <span class='ocr_line' id='line_1_75' title="bbox 202 2693 984 2728; baseline -0.001 -11"><span class='ocrx_word' id='word_1_486' title='bbox 202 2696 353 2721; x_wconf 79' lang='lat' dir='ltr'><strong>seutarent.</strong></span> <span class='ocrx_word' id='word_1_487' title='bbox 370 2694 458 2728; x_wconf 82' lang='lat' dir='ltr'><strong>Atque</strong></span> <span class='ocrx_word' id='word_1_488' title='bbox 481 2693 533 2719; x_wconf 85' lang='lat' dir='ltr'><strong>ista</strong></span> <span class='ocrx_word' id='word_1_489' title='bbox 561 2693 672 2727; x_wconf 81' lang='lat' dir='ltr'><strong>quidem</strong></span> <span class='ocrx_word' id='word_1_490' title='bbox 693 2693 801 2719; x_wconf 84' lang='lat' dir='ltr'><strong>inscitia</strong></span> <span class='ocrx_word' id='word_1_491' title='bbox 829 2695 984 2728; x_wconf 81' lang='lat' dir='ltr'><strong>etstupore</strong></span> 
     </span>
    </p>
   </div>
   <div class='ocr_carea' id='block_1_76' title="bbox 201 2726 982 2763">
    <p class='ocr_par' dir='ltr' id='par_1_76' title="bbox 201 2726 982 2763">
     <span class='ocr_line' id='line_1_76' title="bbox 201 2726 982 2763; baseline -0.001 -11"><span class='ocrx_word' id='word_1_492' title='bbox 201 2734 255 2754; x_wconf 89' lang='lat' dir='ltr'><strong>non</strong></span> <span class='ocrx_word' id='word_1_493' title='bbox 265 2726 423 2761; x_wconf 68' lang='lat' dir='ltr'><strong>contentus,</strong></span> <span class='ocrx_word' id='word_1_494' title='bbox 435 2728 510 2756; x_wconf 87' lang='lat' dir='ltr'><strong>addit</strong></span> <span class='ocrx_word' id='word_1_495' title='bbox 525 2726 611 2755; x_wconf 79' lang='lat' dir='ltr'><strong>multo</strong></span> <span class='ocrx_word' id='word_1_496' title='bbox 630 2728 760 2763; x_wconf 84' lang='lat' dir='ltr'><strong>majorem</strong></span> <span class='ocrx_word' id='word_1_497' title='bbox 775 2726 982 2763; x_wconf 85' lang='lat' dir='ltr'><strong>impudentiam,</strong></span> 
     </span>
    </p>
   </div>
   <div class='ocr_carea' id='block_1_77' title="bbox 200 2762 982 2798">
    <p class='ocr_par' dir='ltr' id='par_1_77' title="bbox 200 2762 982 2798">
     <span class='ocr_line' id='line_1_77' title="bbox 200 2762 982 2798; baseline -0.001 -10"><span class='ocrx_word' id='word_1_498' title='bbox 200 2766 264 2789; x_wconf 85' lang='lat' dir='ltr'><strong>dum</strong></span> <span class='ocrx_word' id='word_1_499' title='bbox 290 2763 374 2792; x_wconf 88' lang='lat' dir='ltr'><strong>dicit:</strong></span> <span class='ocrx_word' id='word_1_500' title='bbox 396 2773 404 2789; x_wconf 81' lang='grc' dir='ltr'><strong>ι</strong></span> <span class='ocrx_word' id='word_1_501' title='bbox 419 2765 452 2791; x_wconf 79' lang='lat' dir='ltr'><strong>Et</strong></span> <span class='ocrx_word' id='word_1_502' title='bbox 478 2763 639 2798; x_wconf 78' lang='lat' dir='ltr'><strong>angelorum</strong></span> <span class='ocrx_word' id='word_1_503' title='bbox 669 2762 805 2798; x_wconf 20' lang='lat' dir='ltr'><strong>subsellia,</strong></span> <span class='ocrx_word' id='word_1_504' title='bbox 824 2769 877 2789; x_wconf 92' lang='lat' dir='ltr'><strong>non</strong></span> <span class='ocrx_word' id='word_1_505' title='bbox 900 2762 982 2798; x_wconf 75' lang='lat' dir='ltr'><strong>modo</strong></span> 
     </span>
    </p>
   </div>
   <div class='ocr_carea' id='block_1_78' title="bbox 201 2795 982 2829">
    <p class='ocr_par' dir='ltr' id='par_1_78' title="bbox 201 2795 982 2829">
     <span class='ocr_line' id='line_1_78' title="bbox 201 2795 982 2829; baseline -0.003 -4"><span class='ocrx_word' id='word_1_506' title='bbox 201 2804 281 2829; x_wconf 74' lang='lat' dir='ltr'><strong>valle,</strong></span> <span class='ocrx_word' id='word_1_507' title='bbox 305 2802 354 2827; x_wconf 85' lang='lat' dir='ltr'><strong>sed</strong></span> <span class='ocrx_word' id='word_1_508' title='bbox 379 2800 461 2826; x_wconf 87' lang='lat' dir='ltr'><strong>etiam</strong></span> <span class='ocrx_word' id='word_1_509' title='bbox 488 2795 556 2826; x_wconf 73' lang='lat' dir='ltr'><strong>falso</strong></span> <span class='ocrx_word' id='word_1_510' title='bbox 576 2800 772 2826; x_wconf 66' lang='lat' dir='ltr'><strong>enuiiieravii.»</strong></span> <span class='ocrx_word' id='word_1_511' title='bbox 797 2797 874 2826; x_wconf 75' lang='lat' dir='ltr'><strong>itam:</strong></span> <span class='ocrx_word' id='word_1_512' title='bbox 898 2795 982 2824; x_wconf 79' lang='lat' dir='ltr'><strong>vero?</strong></span> 
     </span>
    </p>
   </div>
   <div class='ocr_carea' id='block_1_79' title="bbox 236 2869 476 2903">
    <p class='ocr_par' dir='ltr' id='par_1_79' title="bbox 236 2869 476 2903">
     <span class='ocr_line' id='line_1_79' title="bbox 236 2869 476 2903; baseline 0 -7"><span class='ocrx_word' id='word_1_513' title='bbox 236 2875 246 2887; x_wconf 70' lang='grc' dir='ltr'><strong>ι</strong></span> <span class='ocrx_word' id='word_1_514' title='bbox 265 2869 284 2896; x_wconf 90' lang='lat' dir='ltr'><strong>li</strong></span> <span class='ocrx_word' id='word_1_515' title='bbox 302 2870 364 2897; x_wconf 86' lang='lat' dir='ltr'><strong>Cor.</strong></span> <span class='ocrx_word' id='word_1_516' title='bbox 385 2877 433 2903; x_wconf 75' lang='lat' dir='ltr'><strong>xii,</strong></span> <span class='ocrx_word' id='word_1_517' title='bbox 452 2870 476 2896; x_wconf 79' lang='lat' dir='ltr'><strong>li.</strong></span> 
     </span>
    </p>
   </div>
   <div class='ocr_carea' id='block_1_80' title="bbox 1036 235 1826 272">
    <p class='ocr_par' dir='ltr' id='par_1_80' title="bbox 1036 235 1826 272">
     <span class='ocr_line' id='line_1_80' title="bbox 1036 235 1826 272; baseline -0.001 -9"><span class='ocrx_word' id='word_1_518' title='bbox 1036 238 1108 272; x_wconf 88' lang='lat' dir='ltr'><strong>quod</strong></span> <span class='ocrx_word' id='word_1_519' title='bbox 1132 238 1209 265; x_wconf 83' lang='lat' dir='ltr'><strong>falso.</strong></span> <span class='ocrx_word' id='word_1_520' title='bbox 1236 238 1381 269; x_wconf 84' lang='lat' dir='ltr'><strong>Emnnera,</strong></span> <span class='ocrx_word' id='word_1_521' title='bbox 1400 238 1422 264; x_wconf 82' lang='lat' dir='ltr'><strong>si</strong></span> <span class='ocrx_word' id='word_1_522' title='bbox 1452 241 1539 271; x_wconf 88' lang='lat' dir='ltr'><strong>potes,</strong></span> <span class='ocrx_word' id='word_1_523' title='bbox 1561 236 1663 270; x_wconf 84' lang='lat' dir='ltr'><strong>aliquid</strong></span> <span class='ocrx_word' id='word_1_524' title='bbox 1688 235 1731 262; x_wconf 91' lang='lat' dir='ltr'><strong>vel</strong></span> <span class='ocrx_word' id='word_1_525' title='bbox 1758 237 1826 269; x_wconf 76' lang='lat' dir='ltr'><strong>soli-</strong></span> 
     </span>
    </p>
   </div>
   <div class='ocr_carea' id='block_1_81' title="bbox 1035 273 1275 300">
    <p class='ocr_par' dir='ltr' id='par_1_81' title="bbox 1035 273 1275 300">
     <span class='ocr_line' id='line_1_81' title="bbox 1035 273 1275 300; baseline 0 -1"><span class='ocrx_word' id='word_1_526' title='bbox 1035 275 1097 299; x_wconf 67' lang='grc' dir='ltr'>ιιιιις</span> <span class='ocrx_word' id='word_1_527' title='bbox 1115 274 1156 298; x_wconf 86' lang='lat' dir='ltr'><strong>vel</strong></span> <span class='ocrx_word' id='word_1_528' title='bbox 1173 273 1275 300; x_wconf 78' lang='lat' dir='ltr'><strong>verius.</strong></span> 
     </span>
    </p>
   </div>
   <div class='ocr_carea' id='block_1_82' title="bbox 1070 305 1824 342">
    <p class='ocr_par' dir='ltr' id='par_1_82' title="bbox 1070 305 1824 342">
     <span class='ocr_line' id='line_1_82' title="bbox 1070 305 1824 342; baseline -0.003 -8"><span class='ocrx_word' id='word_1_529' title='bbox 1070 307 1173 335; x_wconf 88' lang='lat' dir='ltr'><strong>Probat</strong></span> <span class='ocrx_word' id='word_1_530' title='bbox 1189 308 1270 342; x_wconf 79' lang='lat' dir='ltr'><strong>igitur</strong></span> <span class='ocrx_word' id='word_1_531' title='bbox 1290 308 1316 334; x_wconf 91' lang='lat' dir='ltr'><strong>in</strong></span> <span class='ocrx_word' id='word_1_532' title='bbox 1349 307 1422 334; x_wconf 91' lang='lat' dir='ltr'><strong>hunc</strong></span> <span class='ocrx_word' id='word_1_533' title='bbox 1449 307 1577 333; x_wconf 89' lang='lat' dir='ltr'><strong>modum:</strong></span> <span class='ocrx_word' id='word_1_534' title='bbox 1604 306 1778 340; x_wconf 79' lang='lat' dir='ltr'><strong>iApostolus</strong></span> <span class='ocrx_word' id='word_1_535' title='bbox 1804 305 1824 332; x_wconf 93' lang='lat' dir='ltr'><strong>ll</strong></span> 
     </span>
    </p>
   </div>
   <div class='ocr_carea' id='block_1_83' title="bbox 1035 341 1826 376">
    <p class='ocr_par' dir='ltr' id='par_1_83' title="bbox 1035 341 1826 376">
     <span class='ocr_line' id='line_1_83' title="bbox 1035 341 1826 376; baseline -0.003 -7"><span class='ocrx_word' id='word_1_536' title='bbox 1035 343 1098 369; x_wconf 85' lang='lat' dir='ltr'><strong>Cor.</strong></span> <span class='ocrx_word' id='word_1_537' title='bbox 1128 351 1178 374; x_wconf 86' lang='lat' dir='ltr'><strong>xu,</strong></span> <span class='ocrx_word' id='word_1_538' title='bbox 1202 341 1233 375; x_wconf 59' lang='lat'><strong>1,</strong></span> <span class='ocrx_word' id='word_1_539' title='bbox 1256 344 1305 370; x_wconf 91' lang='lat' dir='ltr'><strong>ista</strong></span> <span class='ocrx_word' id='word_1_540' title='bbox 1337 348 1364 369; x_wconf 82' lang='lat' dir='ltr'><strong>et</strong></span> <span class='ocrx_word' id='word_1_541' title='bbox 1388 342 1541 376; x_wconf 88' lang='lat' dir='ltr'><strong>hujusmodi</strong></span> <span class='ocrx_word' id='word_1_542' title='bbox 1575 341 1678 376; x_wconf 81' lang='lat' dir='ltr'><strong>reliqua</strong></span> <span class='ocrx_word' id='word_1_543' title='bbox 1710 342 1826 368; x_wconf 87' lang='lat' dir='ltr'><strong>omnino</strong></span> 
     </span>
    </p>
   </div>
   <div class='ocr_carea' id='block_1_84' title="bbox 1034 376 1825 413">
    <p class='ocr_par' dir='ltr' id='par_1_84' title="bbox 1034 376 1825 413">
     <span class='ocr_line' id='line_1_84' title="bbox 1034 376 1825 413; baseline -0.001 -9"><span class='ocrx_word' id='word_1_544' title='bbox 1034 378 1142 413; x_wconf 72' lang='grc' dir='ltr'><strong>ἄρρητα</strong></span> <span class='ocrx_word' id='word_1_545' title='bbox 1160 386 1221 405; x_wconf 86' lang='lat' dir='ltr'><strong>esse</strong></span> <span class='ocrx_word' id='word_1_546' title='bbox 1236 378 1312 404; x_wconf 86' lang='lat' dir='ltr'><strong>dicit.</strong></span> <span class='ocrx_word' id='word_1_547' title='bbox 1341 378 1456 404; x_wconf 57' lang='lat' dir='ltr'><strong>[renatus</strong></span> <span class='ocrx_word' id='word_1_548' title='bbox 1471 376 1525 413; x_wconf 76' lang='lat' dir='ltr'><strong>lib.</strong></span> <span class='ocrx_word' id='word_1_549' title='bbox 1551 385 1580 408; x_wconf 83' lang='lat' dir='ltr'><strong>ii.</strong></span> <span class='ocrx_word' id='word_1_550' title='bbox 1594 385 1656 409; x_wconf 84' lang='lat' dir='ltr'><strong>cap.</strong></span> <span class='ocrx_word' id='word_1_551' title='bbox 1677 377 1723 408; x_wconf 76' lang='lat'><strong>55,</strong></span> <span class='ocrx_word' id='word_1_552' title='bbox 1754 377 1825 403; x_wconf 84' lang='lat' dir='ltr'><strong>istos</strong></span> 
     </span>
    </p>
   </div>
   <div class='ocr_carea' id='block_1_85' title="bbox 1035 411 1824 447">
    <p class='ocr_par' dir='ltr' id='par_1_85' title="bbox 1035 411 1824 447">
     <span class='ocr_line' id='line_1_85' title="bbox 1035 411 1824 447; baseline -0.001 -8"><span class='ocrx_word' id='word_1_553' title='bbox 1035 411 1253 440; x_wconf 81' lang='lat' dir='ltr'><strong>liierarcliiariim</strong></span> <span class='ocrx_word' id='word_1_554' title='bbox 1276 413 1425 447; x_wconf 86' lang='lat' dir='ltr'><strong>scriptores</strong></span> <span class='ocrx_word' id='word_1_555' title='bbox 1437 411 1554 439; x_wconf 88' lang='lat' dir='ltr'><strong>delirare</strong></span> <span class='ocrx_word' id='word_1_556' title='bbox 1572 413 1678 439; x_wconf 87' lang='lat' dir='ltr'><strong>scribit.</strong></span> <span class='ocrx_word' id='word_1_557' title='bbox 1689 413 1824 445; x_wconf 69' lang='lat' dir='ltr'><strong>Augusti-</strong></span> 
     </span>
    </p>
   </div>
   <div class='ocr_carea' id='block_1_86' title="bbox 1035 447 1825 482">
    <p class='ocr_par' dir='ltr' id='par_1_86' title="bbox 1035 447 1825 482">
     <span class='ocr_line' id='line_1_86' title="bbox 1035 447 1825 482; baseline -0.001 -8"><span class='ocrx_word' id='word_1_558' title='bbox 1035 456 1087 475; x_wconf 81' lang='lat' dir='ltr'><strong>nus</strong></span> <span class='ocrx_word' id='word_1_559' title='bbox 1105 448 1130 474; x_wconf 91' lang='lat' dir='ltr'><strong>in</strong></span> <span class='ocrx_word' id='word_1_560' title='bbox 1147 448 1306 474; x_wconf 80' lang='lat' dir='ltr'><strong>Encliiridia</strong></span> <span class='ocrx_word' id='word_1_561' title='bbox 1318 449 1350 474; x_wconf 91' lang='lat' dir='ltr'><strong>ad</strong></span> <span class='ocrx_word' id='word_1_562' title='bbox 1362 447 1550 477; x_wconf 89' lang='lat' dir='ltr'><strong>Laurentium.</strong></span> <span class='ocrx_word' id='word_1_563' title='bbox 1567 455 1626 482; x_wconf 82' lang='lat' dir='ltr'><strong>cap.</strong></span> <span class='ocrx_word' id='word_1_564' title='bbox 1643 447 1688 479; x_wconf 84' lang='grc'><strong>58,</strong></span> <span class='ocrx_word' id='word_1_565' title='bbox 1706 448 1825 474; x_wconf 87' lang='lat' dir='ltr'><strong>aflirinat</strong></span> 
     </span>
    </p>
   </div>
   <div class='ocr_carea' id='block_1_87' title="bbox 1035 482 1827 516">
    <p class='ocr_par' dir='ltr' id='par_1_87' title="bbox 1035 482 1827 516">
     <span class='ocr_line' id='line_1_87' title="bbox 1035 482 1827 516; baseline -0.003 -6"><span class='ocrx_word' id='word_1_566' title='bbox 1035 491 1065 510; x_wconf 86' lang='lat' dir='ltr'><strong>se</strong></span> <span class='ocrx_word' id='word_1_567' title='bbox 1089 485 1196 510; x_wconf 80' lang='lat' dir='ltr'><strong>nescire</strong></span> <span class='ocrx_word' id='word_1_568' title='bbox 1208 484 1318 510; x_wconf 83' lang='lat' dir='ltr'><strong>ordines</strong></span> <span class='ocrx_word' id='word_1_569' title='bbox 1341 482 1498 516; x_wconf 84' lang='lat' dir='ltr'><strong>angelorum</strong></span> <span class='ocrx_word' id='word_1_570' title='bbox 1529 487 1556 509; x_wconf 88' lang='lat' dir='ltr'><strong>et</strong></span> <span class='ocrx_word' id='word_1_571' title='bbox 1576 490 1669 509; x_wconf 91' lang='lat' dir='ltr'><strong>eorum</strong></span> <span class='ocrx_word' id='word_1_572' title='bbox 1697 483 1827 509; x_wconf 54' lang='lat' dir='ltr'><strong>timeren-</strong></span> 
     </span>
    </p>
   </div>
   <div class='ocr_carea' id='block_1_88' title="bbox 1036 517 1825 552">
    <p class='ocr_par' dir='ltr' id='par_1_88' title="bbox 1036 517 1825 552">
     <span class='ocr_line' id='line_1_88' title="bbox 1036 517 1825 552; baseline -0.003 -7"><span class='ocrx_word' id='word_1_573' title='bbox 1036 518 1098 545; x_wconf 85' lang='lat' dir='ltr'><strong>tias.</strong></span> <span class='ocrx_word' id='word_1_574' title='bbox 1118 517 1174 545; x_wconf 81' lang='lat' dir='ltr'><strong>Nec</strong></span> <span class='ocrx_word' id='word_1_575' title='bbox 1191 523 1342 552; x_wconf 85' lang='lat' dir='ltr'><strong>sequuntur</strong></span> <span class='ocrx_word' id='word_1_576' title='bbox 1371 518 1529 552; x_wconf 78' lang='lat' dir='ltr'><strong>Dionysium</strong></span> <span class='ocrx_word' id='word_1_577' title='bbox 1548 518 1573 544; x_wconf 91' lang='lat' dir='ltr'><strong>in</strong></span> <span class='ocrx_word' id='word_1_578' title='bbox 1595 517 1755 551; x_wconf 80' lang='lat' dir='ltr'><strong>angelorum</strong></span> <span class='ocrx_word' id='word_1_579' title='bbox 1777 517 1825 544; x_wconf 90' lang='lat' dir='ltr'><strong>di-</strong></span> 
     </span>
    </p>
   </div>
   <div class='ocr_carea' id='block_1_89' title="bbox 1035 551 1822 587">
    <p class='ocr_par' dir='ltr' id='par_1_89' title="bbox 1035 551 1822 587">
     <span class='ocr_line' id='line_1_89' title="bbox 1035 551 1822 587; baseline -0.003 -7"><span class='ocrx_word' id='word_1_580' title='bbox 1035 554 1182 580; x_wconf 76' lang='lat' dir='ltr'><strong>stinctione</strong></span> <span class='ocrx_word' id='word_1_581' title='bbox 1207 551 1358 587; x_wconf 76' lang='lat' dir='ltr'><strong>Gregorius</strong></span> <span class='ocrx_word' id='word_1_582' title='bbox 1375 551 1498 586; x_wconf 77' lang='lat' dir='ltr'><strong>Magnus,</strong></span> <span class='ocrx_word' id='word_1_583' title='bbox 1527 551 1693 587; x_wconf 84' lang='lat' dir='ltr'><strong>Bernartius,</strong></span> <span class='ocrx_word' id='word_1_584' title='bbox 1717 558 1747 579; x_wconf 88' lang='lat' dir='ltr'><strong>et</strong></span> <span class='ocrx_word' id='word_1_585' title='bbox 1762 553 1822 579; x_wconf 83' lang='lat' dir='ltr'><strong>alii.</strong></span> 
     </span>
    </p>
   </div>
   <div class='ocr_carea' id='block_1_90' title="bbox 1035 586 1825 623">
    <p class='ocr_par' dir='ltr' id='par_1_90' title="bbox 1035 586 1825 623">
     <span class='ocr_line' id='line_1_90' title="bbox 1035 586 1825 623; baseline -0.003 -8"><span class='ocrx_word' id='word_1_586' title='bbox 1035 588 1198 616; x_wconf 82' lang='lat' dir='ltr'><strong>Francisctis</strong></span> <span class='ocrx_word' id='word_1_587' title='bbox 1217 586 1324 623; x_wconf 78' lang='lat' dir='ltr'><strong>quoque</strong></span> <span class='ocrx_word' id='word_1_588' title='bbox 1347 587 1488 619; x_wconf 82' lang='lat' dir='ltr'><strong>Patrilius,</strong></span> <span class='ocrx_word' id='word_1_589' title='bbox 1508 588 1554 622; x_wconf 87' lang='lat' dir='ltr'><strong>qui</strong></span> <span class='ocrx_word' id='word_1_590' title='bbox 1581 586 1748 615; x_wconf 68' lang='lat' dir='ltr'><strong>Panarcltias</strong></span> <span class='ocrx_word' id='word_1_591' title='bbox 1767 595 1825 614; x_wconf 67' lang='lat' dir='ltr'><strong>sui:</strong></span> 
     </span>
    </p>
   </div>
   <div class='ocr_carea' id='block_1_91' title="bbox 1035 623 1826 656">
    <p class='ocr_par' dir='ltr' id='par_1_91' title="bbox 1035 623 1826 656">
     <span class='ocr_line' id='line_1_91' title="bbox 1035 623 1826 656; baseline 0 -6"><span class='ocrx_word' id='word_1_592' title='bbox 1035 624 1233 655; x_wconf 86' lang='lat' dir='ltr'><strong>libroi,niulto</strong></span> <span class='ocrx_word' id='word_1_593' title='bbox 1245 633 1278 651; x_wconf 77' lang='lat' dir='ltr'><strong>ex</strong></span> <span class='ocrx_word' id='word_1_594' title='bbox 1302 628 1423 650; x_wconf 87' lang='lat' dir='ltr'><strong>veterum</strong></span> <span class='ocrx_word' id='word_1_595' title='bbox 1443 623 1553 656; x_wconf 84' lang='lat' dir='ltr'><strong>scriptis</strong></span> <span class='ocrx_word' id='word_1_596' title='bbox 1578 623 1611 650; x_wconf 88' lang='lat' dir='ltr'><strong>ad</strong></span> <span class='ocrx_word' id='word_1_597' title='bbox 1639 623 1826 650; x_wconf 86' lang='lat' dir='ltr'><strong>stabiliendas</strong></span> 
     </span>
    </p>
   </div>
   <div class='ocr_carea' id='block_1_92' title="bbox 1035 658 1824 693">
    <p class='ocr_par' dir='ltr' id='par_1_92' title="bbox 1035 658 1824 693">
     <span class='ocr_line' id='line_1_92' title="bbox 1035 658 1824 693; baseline -0.001 -8"><span class='ocrx_word' id='word_1_598' title='bbox 1035 659 1204 686; x_wconf 78' lang='lat' dir='ltr'><strong>liierarcliias</strong></span> <span class='ocrx_word' id='word_1_599' title='bbox 1219 659 1398 693; x_wconf 82' lang='lat' dir='ltr'><strong>Dionysiacas</strong></span> <span class='ocrx_word' id='word_1_600' title='bbox 1412 658 1576 690; x_wconf 87' lang='lat' dir='ltr'><strong>emendicat,</strong></span> <span class='ocrx_word' id='word_1_601' title='bbox 1598 658 1759 684; x_wconf 84' lang='lat' dir='ltr'><strong>dubitanter</strong></span> <span class='ocrx_word' id='word_1_602' title='bbox 1773 665 1824 684; x_wconf 81' lang='lat' dir='ltr'><strong>vo-</strong></span> 
     </span>
    </p>
   </div>
   <div class='ocr_carea' id='block_1_93' title="bbox 1034 693 1822 755">
    <p class='ocr_par' dir='ltr' id='par_1_93' title="bbox 1034 693 1822 755">
     <span class='ocr_line' id='line_1_93' title="bbox 1034 693 1822 755; baseline -0.001 -35"><span class='ocrx_word' id='word_1_603' title='bbox 1034 694 1203 755; x_wconf 61' lang='lat' dir='ltr'><strong>:enslpolens</strong></span> <span class='ocrx_word' id='word_1_604' title='bbox 1225 695 1259 721; x_wconf 88' lang='lat' dir='ltr'><strong>de</strong></span> <span class='ocrx_word' id='word_1_605' title='bbox 1274 698 1384 721; x_wconf 77' lang='lat' dir='ltr'><strong>auctore</strong></span> <span class='ocrx_word' id='word_1_606' title='bbox 1398 693 1615 720; x_wconf 83' lang='lat' dir='ltr'><strong>hierarchiarum</strong></span> <span class='ocrx_word' id='word_1_607' title='bbox 1630 693 1822 728; x_wconf 61' lang='lat' dir='ltr'><strong>pronuntiata</strong></span> 
     </span>
     <span class='ocr_line' id='line_1_94' title="bbox 1048 736 1144 755; baseline 0 0"><span class='ocrx_word' id='word_1_608' title='bbox 1048 736 1071 755; x_wconf 73' lang='lat' dir='ltr'><strong>ill</strong></span> <span class='ocrx_word' id='word_1_609' title='bbox 1089 738 1095 755; x_wconf 88' lang='lat' dir='ltr'><strong>l</strong></span> <span class='ocrx_word' id='word_1_610' title='bbox 1119 737 1144 755; x_wconf 91' lang='lat' dir='ltr'><strong>e.</strong></span> 
     </span>
    </p>
   </div>
   <div class='ocr_carea' id='block_1_94' title="bbox 1048 730 1144 756">
    <p class='ocr_par' dir='ltr' id='par_1_94' title="bbox 1048 730 1144 756">
     <span class='ocr_line' id='line_1_95' title="bbox 1048 730 1144 756; baseline 0.01 -1"><span class='ocrx_word' id='word_1_611' title='bbox 1048 736 1071 756; x_wconf 86' lang='lat' dir='ltr'><strong>ia</strong></span> <span class='ocrx_word' id='word_1_612' title='bbox 1089 730 1144 756; x_wconf 91' lang='lat' dir='ltr'><strong>ille.</strong></span> 
     </span>
    </p>
   </div>
   <div class='ocr_carea' id='block_1_95' title="bbox 1071 763 1824 797">
    <p class='ocr_par' dir='ltr' id='par_1_95' title="bbox 1071 763 1824 797">
     <span class='ocr_line' id='line_1_96' title="bbox 1071 763 1824 797; baseline -0.003 -5"><span class='ocrx_word' id='word_1_613' title='bbox 1071 765 1218 792; x_wconf 73' lang='lat' dir='ltr'><strong>Videamus</strong></span> <span class='ocrx_word' id='word_1_614' title='bbox 1247 771 1319 790; x_wconf 89' lang='lat' dir='ltr'><strong>nunc</strong></span> <span class='ocrx_word' id='word_1_615' title='bbox 1347 763 1517 790; x_wconf 87' lang='lat' dir='ltr'><strong>membratim</strong></span> <span class='ocrx_word' id='word_1_616' title='bbox 1545 763 1603 797; x_wconf 71' lang='lat' dir='ltr'><strong>ejus</strong></span> <span class='ocrx_word' id='word_1_617' title='bbox 1630 764 1778 790; x_wconf 80' lang='lat' dir='ltr'><strong>vanitatem</strong></span> <span class='ocrx_word' id='word_1_618' title='bbox 1796 768 1824 790; x_wconf 86' lang='lat' dir='ltr'><strong>et</strong></span> 
     </span>
    </p>
   </div>
   <div class='ocr_carea' id='block_1_96' title="bbox 1035 798 1825 834">
    <p class='ocr_par' dir='ltr' id='par_1_96' title="bbox 1035 798 1825 834">
     <span class='ocr_line' id='line_1_97' title="bbox 1035 798 1825 834; baseline 0 -9"><span class='ocrx_word' id='word_1_619' title='bbox 1035 800 1242 834; x_wconf 86' lang='lat' dir='ltr'><strong>impudentiam.</strong></span> <span class='ocrx_word' id='word_1_620' title='bbox 1256 799 1356 834; x_wconf 71' lang='lat' dir='ltr'><strong>(litavit</strong></span> <span class='ocrx_word' id='word_1_621' title='bbox 1381 798 1502 828; x_wconf 82' lang='lat' dir='ltr'><strong>l&#39;anluin,</strong></span> <span class='ocrx_word' id='word_1_622' title='bbox 1532 798 1674 834; x_wconf 68' lang='lat' dir='ltr'><strong>iretizeuiu,</strong></span> <span class='ocrx_word' id='word_1_623' title='bbox 1689 799 1825 833; x_wconf 77' lang='lat' dir='ltr'><strong>Augusti—</strong></span> 
     </span>
    </p>
   </div>
   <div class='ocr_carea' id='block_1_97' title="bbox 1036 833 1823 868">
    <p class='ocr_par' dir='ltr' id='par_1_97' title="bbox 1036 833 1823 868">
     <span class='ocr_line' id='line_1_98' title="bbox 1036 833 1823 868; baseline 0 -8"><span class='ocrx_word' id='word_1_624' title='bbox 1036 843 1109 865; x_wconf 81' lang='lat' dir='ltr'><strong>num,</strong></span> <span class='ocrx_word' id='word_1_625' title='bbox 1137 834 1312 861; x_wconf 81' lang='lat' dir='ltr'><strong>Francisciiin</strong></span> <span class='ocrx_word' id='word_1_626' title='bbox 1329 833 1484 860; x_wconf 81' lang='lat' dir='ltr'><strong>l’atritiiiin.</strong></span> <span class='ocrx_word' id='word_1_627' title='bbox 1502 833 1601 860; x_wconf 87' lang='lat' dir='ltr'><strong>Ibimus</strong></span> <span class='ocrx_word' id='word_1_628' title='bbox 1617 840 1666 868; x_wconf 82' lang='lat' dir='ltr'><strong>per</strong></span> <span class='ocrx_word' id='word_1_629' title='bbox 1686 834 1823 868; x_wconf 71' lang='lat' dir='ltr'><strong>singulos.</strong></span> 
     </span>
    </p>
   </div>
   <div class='ocr_carea' id='block_1_98' title="bbox 1035 868 1822 900">
    <p class='ocr_par' dir='ltr' id='par_1_98' title="bbox 1035 868 1822 900">
     <span class='ocr_line' id='line_1_99' title="bbox 1035 868 1822 900; baseline -0.001 -5"><span class='ocrx_word' id='word_1_630' title='bbox 1035 870 1110 896; x_wconf 78' lang='lat' dir='ltr'><strong>l&#39;anli</strong></span> <span class='ocrx_word' id='word_1_631' title='bbox 1133 870 1208 896; x_wconf 89' lang='lat' dir='ltr'><strong>locus</strong></span> <span class='ocrx_word' id='word_1_632' title='bbox 1232 870 1253 897; x_wconf 87' lang='lat' dir='ltr'><strong>ll</strong></span> <span class='ocrx_word' id='word_1_633' title='bbox 1270 870 1303 895; x_wconf 90' lang='lat' dir='ltr'><strong>a-l</strong></span> <span class='ocrx_word' id='word_1_634' title='bbox 1327 869 1483 896; x_wconf 76' lang='lat' dir='ltr'><strong>Corinthios</strong></span> <span class='ocrx_word' id='word_1_635' title='bbox 1506 875 1556 899; x_wconf 79' lang='lat' dir='ltr'><strong>xti,</strong></span> <span class='ocrx_word' id='word_1_636' title='bbox 1582 868 1610 900; x_wconf 72' lang='grc'>4,</span> <span class='ocrx_word' id='word_1_637' title='bbox 1638 874 1698 896; x_wconf 83' lang='lat' dir='ltr'><strong>est:</strong></span> <span class='ocrx_word' id='word_1_638' title='bbox 1719 877 1729 894; x_wconf 73' lang='grc' dir='ltr'><strong>ι</strong></span> <span class='ocrx_word' id='word_1_639' title='bbox 1745 868 1822 900; x_wconf 74' lang='lat' dir='ltr'><strong>Quo-</strong></span> 
     </span>
    </p>
   </div>
   <div class='ocr_carea' id='block_1_99' title="bbox 1037 904 1823 937">
    <p class='ocr_par' dir='ltr' id='par_1_99' title="bbox 1037 904 1823 937">
     <span class='ocr_line' id='line_1_100' title="bbox 1037 904 1823 937; baseline -0.001 -6"><span class='ocrx_word' id='word_1_640' title='bbox 1037 906 1108 931; x_wconf 83' lang='lat' dir='ltr'><strong>niam</strong></span> <span class='ocrx_word' id='word_1_641' title='bbox 1126 910 1218 937; x_wconf 78' lang='lat' dir='ltr'><strong>ruptus</strong></span> <span class='ocrx_word' id='word_1_642' title='bbox 1240 910 1278 932; x_wconf 85' lang='lat' dir='ltr'><strong>eu</strong></span> <span class='ocrx_word' id='word_1_643' title='bbox 1300 905 1326 930; x_wconf 86' lang='lat' dir='ltr'><strong>in</strong></span> <span class='ocrx_word' id='word_1_644' title='bbox 1343 904 1510 936; x_wconf 79' lang='lat' dir='ltr'><strong>paradisum,</strong></span> <span class='ocrx_word' id='word_1_645' title='bbox 1543 908 1566 930; x_wconf 81' lang='lat' dir='ltr'><strong>et</strong></span> <span class='ocrx_word' id='word_1_646' title='bbox 1592 904 1693 930; x_wconf 76' lang='lat' dir='ltr'><strong>audivit</strong></span> <span class='ocrx_word' id='word_1_647' title='bbox 1720 912 1823 930; x_wconf 79' lang='lat' dir='ltr'><strong>arcana</strong></span> 
     </span>
    </p>
   </div>
   <div class='ocr_carea' id='block_1_100' title="bbox 1036 939 1823 973">
    <p class='ocr_par' dir='ltr' id='par_1_100' title="bbox 1036 939 1823 973">
     <span class='ocr_line' id='line_1_101' title="bbox 1036 939 1823 973; baseline -0.001 -7"><span class='ocrx_word' id='word_1_648' title='bbox 1036 942 1125 972; x_wconf 69' lang='lat' dir='ltr'><strong>terim,</strong></span> <span class='ocrx_word' id='word_1_649' title='bbox 1155 947 1214 973; x_wconf 68' lang='lat' dir='ltr'><strong>qua?</strong></span> <span class='ocrx_word' id='word_1_650' title='bbox 1250 948 1301 966; x_wconf 83' lang='lat' dir='ltr'><strong>non</strong></span> <span class='ocrx_word' id='word_1_651' title='bbox 1334 940 1392 965; x_wconf 71' lang='lat' dir='ltr'><strong>licet</strong></span> <span class='ocrx_word' id='word_1_652' title='bbox 1418 939 1515 965; x_wconf 83' lang='lat' dir='ltr'><strong>homini</strong></span> <span class='ocrx_word' id='word_1_653' title='bbox 1547 939 1652 971; x_wconf 70' lang='lat' dir='ltr'><strong>loqui.)</strong></span> <span class='ocrx_word' id='word_1_654' title='bbox 1672 939 1741 972; x_wconf 85' lang='lat' dir='ltr'><strong>Quid</strong></span> <span class='ocrx_word' id='word_1_655' title='bbox 1771 939 1823 970; x_wconf 82' lang='lat' dir='ltr'><strong>ibi,</strong></span> 
     </span>
    </p>
   </div>
   <div class='ocr_carea' id='block_1_101' title="bbox 1036 974 1820 1009">
    <p class='ocr_par' dir='ltr' id='par_1_101' title="bbox 1036 974 1820 1009">
     <span class='ocr_line' id='line_1_102' title="bbox 1036 974 1820 1009; baseline 0 -9"><span class='ocrx_word' id='word_1_656' title='bbox 1036 976 1144 1006; x_wconf 78' lang='lat' dir='ltr'><strong>amabo,</strong></span> <span class='ocrx_word' id='word_1_657' title='bbox 1164 979 1258 1001; x_wconf 87' lang='lat' dir='ltr'><strong>contra</strong></span> <span class='ocrx_word' id='word_1_658' title='bbox 1289 975 1462 1008; x_wconf 76' lang='lat' dir='ltr'><strong>Dionysium?</strong></span> <span class='ocrx_word' id='word_1_659' title='bbox 1483 974 1564 1009; x_wconf 82' lang='lat' dir='ltr'><strong>Atqui</strong></span> <span class='ocrx_word' id='word_1_660' title='bbox 1592 974 1643 1000; x_wconf 85' lang='lat' dir='ltr'><strong>ista</strong></span> <span class='ocrx_word' id='word_1_661' title='bbox 1673 979 1749 1005; x_wconf 84' lang='lat' dir='ltr'><strong>sunt.</strong></span> <span class='ocrx_word' id='word_1_662' title='bbox 1774 974 1820 1000; x_wconf 51' lang='lat' dir='ltr'><strong>in‘</strong></span> 
     </span>
    </p>
   </div>
   <div class='ocr_carea' id='block_1_102' title="bbox 1036 1009 1824 1044">
    <p class='ocr_par' dir='ltr' id='par_1_102' title="bbox 1036 1009 1824 1044">
     <span class='ocr_line' id='line_1_103' title="bbox 1036 1009 1824 1044; baseline -0.003 -8"><span class='ocrx_word' id='word_1_663' title='bbox 1036 1011 1124 1044; x_wconf 81' lang='lat' dir='ltr'><strong>quies,</strong></span> <span class='ocrx_word' id='word_1_664' title='bbox 1141 1010 1282 1044; x_wconf 85' lang='lat' dir='ltr'><strong>clreliqua</strong></span> <span class='ocrx_word' id='word_1_665' title='bbox 1308 1009 1473 1041; x_wconf 59' lang='lat' dir='ltr'><strong>huiusmodi,</strong></span> <span class='ocrx_word' id='word_1_666' title='bbox 1497 1017 1557 1042; x_wconf 66' lang='lat' dir='ltr'><strong>quae</strong></span> <span class='ocrx_word' id='word_1_667' title='bbox 1583 1010 1695 1043; x_wconf 86' lang='lat' dir='ltr'><strong>scripsit</strong></span> <span class='ocrx_word' id='word_1_668' title='bbox 1721 1010 1824 1044; x_wconf 79' lang='lat' dir='ltr'><strong>Diony-</strong></span> 
     </span>
    </p>
   </div>
   <div class='ocr_carea' id='block_1_103' title="bbox 1037 1043 1823 1079">
    <p class='ocr_par' dir='ltr' id='par_1_103' title="bbox 1037 1043 1823 1079">
     <span class='ocr_line' id='line_1_104' title="bbox 1037 1043 1823 1079; baseline 0 -9"><span class='ocrx_word' id='word_1_669' title='bbox 1037 1043 1103 1071; x_wconf 74' lang='lat' dir='ltr'><strong>sius.</strong></span> <span class='ocrx_word' id='word_1_670' title='bbox 1121 1045 1172 1078; x_wconf 83' lang='lat' dir='ltr'><strong>Qui</strong></span> <span class='ocrx_word' id='word_1_671' title='bbox 1199 1043 1316 1079; x_wconf 83' lang='lat' dir='ltr'><strong>probas?</strong></span> <span class='ocrx_word' id='word_1_672' title='bbox 1333 1046 1394 1077; x_wconf 89' lang='lat' dir='ltr'><strong>quis</strong></span> <span class='ocrx_word' id='word_1_673' title='bbox 1422 1045 1467 1070; x_wconf 74' lang='lat' dir='ltr'><strong>tibi</strong></span> <span class='ocrx_word' id='word_1_674' title='bbox 1491 1045 1560 1070; x_wconf 77' lang='lat' dir='ltr'><strong>dixit</strong></span> <span class='ocrx_word' id='word_1_675' title='bbox 1573 1051 1633 1070; x_wconf 83' lang='lat' dir='ltr'><strong>esse</strong></span> <span class='ocrx_word' id='word_1_676' title='bbox 1650 1044 1721 1070; x_wconf 78' lang='lat' dir='ltr'><strong>ista?</strong></span> <span class='ocrx_word' id='word_1_677' title='bbox 1747 1043 1823 1070; x_wconf 75' lang='lat' dir='ltr'><strong>Nihil</strong></span> 
     </span>
    </p>
   </div>
   <div class='ocr_carea' id='block_1_104' title="bbox 1036 1079 1822 1114">
    <p class='ocr_par' dir='ltr' id='par_1_104' title="bbox 1036 1079 1822 1114">
     <span class='ocr_line' id='line_1_105' title="bbox 1036 1079 1822 1114; baseline -0.003 -8"><span class='ocrx_word' id='word_1_678' title='bbox 1036 1081 1142 1114; x_wconf 86' lang='lat' dir='ltr'><strong>probat,</strong></span> <span class='ocrx_word' id='word_1_679' title='bbox 1153 1085 1180 1106; x_wconf 88' lang='lat' dir='ltr'><strong>et</strong></span> <span class='ocrx_word' id='word_1_680' title='bbox 1197 1080 1247 1106; x_wconf 88' lang='lat' dir='ltr'><strong>sibi</strong></span> <span class='ocrx_word' id='word_1_681' title='bbox 1262 1080 1317 1106; x_wconf 82' lang='lat' dir='ltr'><strong>ruit</strong></span> <span class='ocrx_word' id='word_1_682' title='bbox 1329 1080 1414 1111; x_wconf 84' lang='lat' dir='ltr'><strong>credi,</strong></span> <span class='ocrx_word' id='word_1_683' title='bbox 1430 1079 1533 1106; x_wconf 88' lang='lat' dir='ltr'><strong>bouiini</strong></span> <span class='ocrx_word' id='word_1_684' title='bbox 1549 1086 1643 1112; x_wconf 83' lang='lat' dir='ltr'><strong>nempe</strong></span> <span class='ocrx_word' id='word_1_685' title='bbox 1657 1080 1822 1111; x_wconf 84' lang='lat' dir='ltr'><strong>vanissimo,</strong></span> 
     </span>
    </p>
   </div>
   <div class='ocr_carea' id='block_1_105' title="bbox 1035 1113 1823 1149">
    <p class='ocr_par' dir='ltr' id='par_1_105' title="bbox 1035 1113 1823 1149">
     <span class='ocr_line' id='line_1_106' title="bbox 1035 1113 1823 1149; baseline -0.001 -7"><span class='ocrx_word' id='word_1_686' title='bbox 1035 1113 1063 1142; x_wconf 79' lang='lat' dir='ltr'><strong>et</strong></span> <span class='ocrx_word' id='word_1_687' title='bbox 1088 1124 1121 1142; x_wconf 79' lang='lat' dir='ltr'><strong>ex</strong></span> <span class='ocrx_word' id='word_1_688' title='bbox 1145 1115 1293 1142; x_wconf 84' lang='lat' dir='ltr'><strong>mendaciis</strong></span> <span class='ocrx_word' id='word_1_689' title='bbox 1320 1115 1361 1149; x_wconf 87' lang='lat' dir='ltr'><strong>(ut</strong></span> <span class='ocrx_word' id='word_1_690' title='bbox 1388 1115 1490 1149; x_wconf 89' lang='lat' dir='ltr'><strong>passim</strong></span> <span class='ocrx_word' id='word_1_691' title='bbox 1517 1114 1544 1141; x_wconf 92' lang='lat' dir='ltr'><strong>in</strong></span> <span class='ocrx_word' id='word_1_692' title='bbox 1570 1113 1648 1140; x_wconf 77' lang='lat' dir='ltr'><strong>Notis</strong></span> <span class='ocrx_word' id='word_1_693' title='bbox 1681 1122 1752 1141; x_wconf 80' lang='lat' dir='ltr'><strong>meis</strong></span> <span class='ocrx_word' id='word_1_694' title='bbox 1780 1114 1823 1141; x_wconf 88' lang='lat' dir='ltr'><strong>illi</strong></span> 
     </span>
    </p>
   </div>
   <div class='ocr_carea' id='block_1_106' title="bbox 1036 1149 1822 1185">
    <p class='ocr_par' dir='ltr' id='par_1_106' title="bbox 1036 1149 1822 1185">
     <span class='ocr_line' id='line_1_107' title="bbox 1036 1149 1822 1185; baseline -0.003 -8"><span class='ocrx_word' id='word_1_695' title='bbox 1036 1150 1162 1185; x_wconf 88' lang='lat' dir='ltr'><strong>ostendo)</strong></span> <span class='ocrx_word' id='word_1_696' title='bbox 1187 1150 1431 1184; x_wconf 85' lang='lat' dir='ltr'><strong>iiopudentissimis</strong></span> <span class='ocrx_word' id='word_1_697' title='bbox 1462 1149 1590 1176; x_wconf 85' lang='lat' dir='ltr'><strong>conﬂato.</strong></span> <span class='ocrx_word' id='word_1_698' title='bbox 1606 1149 1676 1182; x_wconf 88' lang='lat' dir='ltr'><strong>Quid</strong></span> <span class='ocrx_word' id='word_1_699' title='bbox 1702 1150 1756 1177; x_wconf 90' lang='lat' dir='ltr'><strong>hoc</strong></span> <span class='ocrx_word' id='word_1_700' title='bbox 1771 1157 1822 1175; x_wconf 82' lang='lat' dir='ltr'><strong>va-</strong></span> 
     </span>
    </p>
   </div>
   <div class='ocr_carea' id='block_1_107' title="bbox 1037 1184 1822 1218">
    <p class='ocr_par' dir='ltr' id='par_1_107' title="bbox 1037 1184 1822 1218">
     <span class='ocr_line' id='line_1_108' title="bbox 1037 1184 1822 1218; baseline -0.001 -6"><span class='ocrx_word' id='word_1_701' title='bbox 1037 1186 1117 1212; x_wconf 84' lang='lat' dir='ltr'><strong>nius?</strong></span> <span class='ocrx_word' id='word_1_702' title='bbox 1130 1186 1216 1216; x_wconf 83' lang='lat' dir='ltr'><strong>Adde,</strong></span> <span class='ocrx_word' id='word_1_703' title='bbox 1233 1185 1343 1212; x_wconf 80' lang='lat' dir='ltr'><strong>Paulum</strong></span> <span class='ocrx_word' id='word_1_704' title='bbox 1369 1185 1440 1218; x_wconf 87' lang='lat' dir='ltr'><strong>loqui</strong></span> <span class='ocrx_word' id='word_1_705' title='bbox 1457 1184 1490 1211; x_wconf 89' lang='lat' dir='ltr'><strong>de</strong></span> <span class='ocrx_word' id='word_1_706' title='bbox 1507 1185 1598 1211; x_wconf 88' lang='lat' dir='ltr'><strong>verbis</strong></span> <span class='ocrx_word' id='word_1_707' title='bbox 1623 1192 1685 1218; x_wconf 65' lang='lat' dir='ltr'><strong>qua:</strong></span> <span class='ocrx_word' id='word_1_708' title='bbox 1705 1185 1822 1212; x_wconf 84' lang='lat' dir='ltr'><strong>audive—</strong></span> 
     </span>
    </p>
   </div>
   <div class='ocr_carea' id='block_1_108' title="bbox 1037 1219 1822 1255">
    <p class='ocr_par' dir='ltr' id='par_1_108' title="bbox 1037 1219 1822 1255">
     <span class='ocr_line' id='line_1_109' title="bbox 1037 1219 1822 1255; baseline -0.003 -8"><span class='ocrx_word' id='word_1_709' title='bbox 1037 1221 1082 1251; x_wconf 87' lang='lat' dir='ltr'><strong>rit.</strong></span> <span class='ocrx_word' id='word_1_710' title='bbox 1097 1225 1125 1247; x_wconf 88' lang='lat' dir='ltr'><strong>et</strong></span> <span class='ocrx_word' id='word_1_711' title='bbox 1136 1228 1195 1255; x_wconf 60' lang='lat' dir='ltr'><strong>quae</strong></span> <span class='ocrx_word' id='word_1_712' title='bbox 1215 1221 1288 1255; x_wconf 89' lang='lat' dir='ltr'><strong>I0qui</strong></span> <span class='ocrx_word' id='word_1_713' title='bbox 1305 1228 1358 1247; x_wconf 92' lang='lat' dir='ltr'><strong>non</strong></span> <span class='ocrx_word' id='word_1_714' title='bbox 1384 1221 1479 1250; x_wconf 86' lang='lat' dir='ltr'><strong>liceat;</strong></span> <span class='ocrx_word' id='word_1_715' title='bbox 1496 1219 1644 1253; x_wconf 82' lang='lat' dir='ltr'><strong>Dionysius</strong></span> <span class='ocrx_word' id='word_1_716' title='bbox 1657 1224 1750 1246; x_wconf 88' lang='lat' dir='ltr'><strong>autem</strong></span> <span class='ocrx_word' id='word_1_717' title='bbox 1766 1227 1822 1246; x_wconf 81' lang='lat' dir='ltr'><strong>non</strong></span> 
     </span>
    </p>
   </div>
   <div class='ocr_carea' id='block_1_109' title="bbox 1036 1255 1823 1289">
    <p class='ocr_par' dir='ltr' id='par_1_109' title="bbox 1036 1255 1823 1289">
     <span class='ocr_line' id='line_1_110' title="bbox 1036 1255 1823 1289; baseline -0.003 -7"><span class='ocrx_word' id='word_1_718' title='bbox 1036 1257 1070 1282; x_wconf 85' lang='lat' dir='ltr'><strong>de</strong></span> <span class='ocrx_word' id='word_1_719' title='bbox 1084 1257 1174 1282; x_wconf 83' lang='lat' dir='ltr'><strong>verbis</strong></span> <span class='ocrx_word' id='word_1_720' title='bbox 1189 1256 1320 1289; x_wconf 87' lang='lat' dir='ltr'><strong>loquitur,</strong></span> <span class='ocrx_word' id='word_1_721' title='bbox 1329 1256 1376 1282; x_wconf 83' lang='lat' dir='ltr'><strong>sed</strong></span> <span class='ocrx_word' id='word_1_722' title='bbox 1389 1255 1421 1281; x_wconf 83' lang='lat' dir='ltr'><strong>de</strong></span> <span class='ocrx_word' id='word_1_723' title='bbox 1433 1255 1513 1281; x_wconf 84' lang='lat' dir='ltr'><strong>rebus</strong></span> <span class='ocrx_word' id='word_1_724' title='bbox 1530 1255 1634 1286; x_wconf 83' lang='lat' dir='ltr'><strong>scribit,</strong></span> <span class='ocrx_word' id='word_1_725' title='bbox 1653 1260 1681 1282; x_wconf 90' lang='lat' dir='ltr'><strong>et</strong></span> <span class='ocrx_word' id='word_1_726' title='bbox 1693 1255 1823 1281; x_wconf 88' lang='lat' dir='ltr'><strong>ordinum</strong></span> 
     </span>
    </p>
   </div>
   <div class='ocr_carea' id='block_1_110' title="bbox 1036 1289 1823 1325">
    <p class='ocr_par' dir='ltr' id='par_1_110' title="bbox 1036 1289 1823 1325">
     <span class='ocr_line' id='line_1_111' title="bbox 1036 1289 1823 1325; baseline -0.001 -9"><span class='ocrx_word' id='word_1_727' title='bbox 1036 1292 1196 1325; x_wconf 69' lang='lat' dir='ltr'><strong>angelorum</strong></span> <span class='ocrx_word' id='word_1_728' title='bbox 1214 1292 1335 1322; x_wconf 83' lang='lat' dir='ltr'><strong>nomina,</strong></span> <span class='ocrx_word' id='word_1_729' title='bbox 1353 1298 1413 1325; x_wconf 79' lang='lat' dir='ltr'><strong>qua:</strong></span> <span class='ocrx_word' id='word_1_730' title='bbox 1438 1290 1464 1316; x_wconf 89' lang='lat' dir='ltr'><strong>iii</strong></span> <span class='ocrx_word' id='word_1_731' title='bbox 1490 1289 1575 1316; x_wconf 83' lang='lat' dir='ltr'><strong>sacris</strong></span> <span class='ocrx_word' id='word_1_732' title='bbox 1603 1289 1753 1323; x_wconf 81' lang='lat' dir='ltr'><strong>Scripturis</strong></span> <span class='ocrx_word' id='word_1_733' title='bbox 1765 1297 1823 1325; x_wconf 82' lang='lat' dir='ltr'><strong>om-</strong></span> 
     </span>
    </p>
   </div>
   <div class='ocr_carea' id='block_1_111' title="bbox 1037 1324 1824 1357">
    <p class='ocr_par' dir='ltr' id='par_1_111' title="bbox 1037 1324 1824 1357">
     <span class='ocr_line' id='line_1_112' title="bbox 1037 1324 1824 1357; baseline -0.003 -5"><span class='ocrx_word' id='word_1_734' title='bbox 1037 1326 1081 1352; x_wconf 89' lang='lat' dir='ltr'><strong>tiia</strong></span> <span class='ocrx_word' id='word_1_735' title='bbox 1098 1327 1284 1357; x_wconf 86' lang='lat' dir='ltr'><strong>continentur,</strong></span> <span class='ocrx_word' id='word_1_736' title='bbox 1309 1324 1461 1352; x_wconf 84' lang='lat' dir='ltr'><strong>enumerat.</strong></span> <span class='ocrx_word' id='word_1_737' title='bbox 1490 1324 1532 1351; x_wconf 69' lang='lat' dir='ltr'><strong>An</strong></span> <span class='ocrx_word' id='word_1_738' title='bbox 1554 1331 1618 1352; x_wconf 80' lang='lat' dir='ltr'><strong>Vero</strong></span> <span class='ocrx_word' id='word_1_739' title='bbox 1637 1330 1742 1350; x_wconf 88' lang='lat' dir='ltr'><strong>tanttiin</strong></span> <span class='ocrx_word' id='word_1_740' title='bbox 1769 1324 1824 1351; x_wconf 87' lang='lat' dir='ltr'><strong>fuit</strong></span> 
     </span>
    </p>
   </div>
   <div class='ocr_carea' id='block_1_112' title="bbox 1037 1359 1825 1395">
    <p class='ocr_par' dir='ltr' id='par_1_112' title="bbox 1037 1359 1825 1395">
     <span class='ocr_line' id='line_1_113' title="bbox 1037 1359 1825 1395; baseline 0 -9"><span class='ocrx_word' id='word_1_741' title='bbox 1037 1361 1208 1395; x_wconf 86' lang='lat' dir='ltr'><strong>mysterium,</strong></span> <span class='ocrx_word' id='word_1_742' title='bbox 1222 1363 1294 1388; x_wconf 83' lang='lat' dir='ltr'><strong>scire</strong></span> <span class='ocrx_word' id='word_1_743' title='bbox 1312 1361 1420 1387; x_wconf 85' lang='lat' dir='ltr'><strong>illorum</strong></span> <span class='ocrx_word' id='word_1_744' title='bbox 1443 1360 1568 1386; x_wconf 89' lang='lat' dir='ltr'><strong>ordinem</strong></span> <span class='ocrx_word' id='word_1_745' title='bbox 1591 1365 1619 1386; x_wconf 90' lang='lat' dir='ltr'><strong>et</strong></span> <span class='ocrx_word' id='word_1_746' title='bbox 1641 1359 1825 1393; x_wconf 69' lang='lat' dir='ltr'><strong>signiﬁcatio-</strong></span> 
     </span>
    </p>
   </div>
   <div class='ocr_carea' id='block_1_113' title="bbox 1037 1395 1825 1431">
    <p class='ocr_par' dir='ltr' id='par_1_113' title="bbox 1037 1395 1825 1431">
     <span class='ocr_line' id='line_1_114' title="bbox 1037 1395 1825 1431; baseline 0 -10"><span class='ocrx_word' id='word_1_747' title='bbox 1037 1404 1109 1431; x_wconf 83' lang='lat' dir='ltr'><strong>nem,</strong></span> <span class='ocrx_word' id='word_1_748' title='bbox 1139 1401 1170 1422; x_wconf 91' lang='lat' dir='ltr'><strong>ut</strong></span> <span class='ocrx_word' id='word_1_749' title='bbox 1197 1404 1285 1431; x_wconf 78' lang='lat' dir='ltr'><strong>tneque</strong></span> <span class='ocrx_word' id='word_1_750' title='bbox 1312 1395 1457 1431; x_wconf 80' lang='lat' dir='ltr'><strong>Dionysio,</strong></span> <span class='ocrx_word' id='word_1_751' title='bbox 1492 1402 1577 1429; x_wconf 85' lang='lat' dir='ltr'><strong>neque</strong></span> <span class='ocrx_word' id='word_1_752' title='bbox 1606 1395 1706 1426; x_wconf 84' lang='lat' dir='ltr'><strong>Paulo,</strong></span> <span class='ocrx_word' id='word_1_753' title='bbox 1734 1402 1825 1431; x_wconf 83' lang='lat' dir='ltr'><strong>neque</strong></span> 
     </span>
    </p>
   </div>
   <div class='ocr_carea' id='block_1_114' title="bbox 1035 1429 1822 1465">
    <p class='ocr_par' dir='ltr' id='par_1_114' title="bbox 1035 1429 1822 1465">
     <span class='ocr_line' id='line_1_115' title="bbox 1035 1429 1822 1465; baseline -0.004 -7"><span class='ocrx_word' id='word_1_754' title='bbox 1035 1429 1145 1462; x_wconf 76' lang='lat' dir='ltr'><strong>Joanni,</strong></span> <span class='ocrx_word' id='word_1_755' title='bbox 1167 1429 1255 1464; x_wconf 76' lang='lat' dir='ltr'><strong>neque</strong></span> <span class='ocrx_word' id='word_1_756' title='bbox 1280 1431 1326 1457; x_wconf 94' lang='lat' dir='ltr'><strong>ulli</strong></span> <span class='ocrx_word' id='word_1_757' title='bbox 1349 1429 1535 1465; x_wconf 78' lang='lat' dir='ltr'><strong>apostolorum</strong></span> <span class='ocrx_word' id='word_1_758' title='bbox 1561 1435 1608 1456; x_wconf 88' lang='lat' dir='ltr'><strong>aut</strong></span> <span class='ocrx_word' id='word_1_759' title='bbox 1623 1430 1822 1460; x_wconf 83' lang='lat' dir='ltr'><strong>discipulorum</strong></span> 
     </span>
    </p>
   </div>
   <div class='ocr_carea' id='block_1_115' title="bbox 1037 1465 1825 1501">
    <p class='ocr_par' dir='ltr' id='par_1_115' title="bbox 1037 1465 1825 1501">
     <span class='ocr_line' id='line_1_116' title="bbox 1037 1465 1825 1501; baseline 0.001 -10"><span class='ocrx_word' id='word_1_760' title='bbox 1037 1467 1199 1500; x_wconf 77' lang='lat' dir='ltr'><strong>iiispii&#39;atmn</strong></span> <span class='ocrx_word' id='word_1_761' title='bbox 1307 1466 1407 1493; x_wconf 85' lang='lat' dir='ltr'><strong>fuerit?</strong></span> <span class='ocrx_word' id='word_1_762' title='bbox 1423 1465 1505 1499; x_wconf 83' lang='lat' dir='ltr'><strong>Alqni</strong></span> <span class='ocrx_word' id='word_1_763' title='bbox 1534 1465 1664 1492; x_wconf 86' lang='lat' dir='ltr'><strong>Dominus</strong></span> <span class='ocrx_word' id='word_1_764' title='bbox 1679 1465 1753 1492; x_wconf 81' lang='lat' dir='ltr'><strong>Deus</strong></span> <span class='ocrx_word' id='word_1_765' title='bbox 1776 1467 1825 1492; x_wconf 79' lang='lat' dir='ltr'><strong>de-</strong></span> 
     </span>
    </p>
   </div>
   <div class='ocr_carea' id='block_1_116' title="bbox 1037 1501 1661 1536">
    <p class='ocr_par' dir='ltr' id='par_1_116' title="bbox 1037 1501 1661 1536">
     <span class='ocr_line' id='line_1_117' title="bbox 1037 1501 1661 1536; baseline 0 -9"><span class='ocrx_word' id='word_1_766' title='bbox 1037 1502 1076 1527; x_wconf 89' lang='lat' dir='ltr'><strong>dit</strong></span> <span class='ocrx_word' id='word_1_767' title='bbox 1091 1503 1222 1534; x_wconf 73' lang='lat' dir='ltr'><strong>apostolis</strong></span> <span class='ocrx_word' id='word_1_768' title='bbox 1235 1502 1438 1536; x_wconf 79' lang='lat' dir='ltr'><strong>mielligentiaiu</strong></span> <span class='ocrx_word' id='word_1_769' title='bbox 1449 1501 1661 1534; x_wconf 68' lang='lat' dir='ltr'><strong>Scripturarmu.</strong></span> 
     </span>
    </p>
   </div>
   <div class='ocr_carea' id='block_1_117' title="bbox 1072 1535 1825 1571">
    <p class='ocr_par' dir='ltr' id='par_1_117' title="bbox 1072 1535 1825 1571">
     <span class='ocr_line' id='line_1_118' title="bbox 1072 1535 1825 1571; baseline -0.001 -9"><span class='ocrx_word' id='word_1_770' title='bbox 1072 1539 1141 1570; x_wconf 75' lang='lat' dir='ltr'><strong>Quid</strong></span> <span class='ocrx_word' id='word_1_771' title='bbox 1156 1545 1221 1571; x_wconf 70' lang='lat' dir='ltr'><strong>ergo</strong></span> <span class='ocrx_word' id='word_1_772' title='bbox 1237 1535 1345 1571; x_wconf 80' lang='lat' dir='ltr'><strong>magni,</strong></span> <span class='ocrx_word' id='word_1_773' title='bbox 1360 1537 1382 1563; x_wconf 86' lang='lat' dir='ltr'><strong>si</strong></span> <span class='ocrx_word' id='word_1_774' title='bbox 1409 1536 1554 1570; x_wconf 75' lang='lat' dir='ltr'><strong>Dionysius</strong></span> <span class='ocrx_word' id='word_1_775' title='bbox 1576 1543 1590 1560; x_wconf 73' lang='grc' dir='ltr'><strong>ιι</strong></span> <span class='ocrx_word' id='word_1_776' title='bbox 1616 1535 1749 1569; x_wconf 79' lang='lat' dir='ltr'><strong>magistro</strong></span> <span class='ocrx_word' id='word_1_777' title='bbox 1772 1542 1825 1562; x_wconf 85' lang='lat' dir='ltr'><strong>suo</strong></span> 
     </span>
    </p>
   </div>
   <div class='ocr_carea' id='block_1_118' title="bbox 998 1561 1824 1606">
    <p class='ocr_par' dir='ltr' id='par_1_118' title="bbox 998 1561 1824 1606">
     <span class='ocr_line' id='line_1_119' title="bbox 998 1561 1824 1606; baseline -0.005 -5"><span class='ocrx_word' id='word_1_778' title='bbox 998 1561 1021 1591; x_wconf 68' lang='grc' dir='ltr'><strong>Ο</strong></span> <span class='ocrx_word' id='word_1_779' title='bbox 1036 1561 1399 1606; x_wconf 60' lang='lat' dir='ltr'><strong>Pallio</strong></span> <span class='ocrx_word' id='word_1_780' title='bbox 1410 1561 1514 1597; x_wconf 21' lang='lat' dir='ltr'><strong>iveiie&#39;nt</strong></span> <span class='ocrx_word' id='word_1_781' title='bbox 1530 1572 1581 1596; x_wconf 86' lang='lat' dir='ltr'><strong>ista</strong></span> <span class='ocrx_word' id='word_1_782' title='bbox 1598 1561 1757 1605; x_wconf 69' lang='lat' dir='ltr'><strong>angelorum</strong></span> <span class='ocrx_word' id='word_1_783' title='bbox 1774 1561 1824 1597; x_wconf 80' lang='lat' dir='ltr'><strong>ito-</strong></span> 
     </span>
    </p>
   </div>
   <div class='ocr_carea' id='block_1_119' title="bbox 1037 1605 1823 1641">
    <p class='ocr_par' dir='ltr' id='par_1_119' title="bbox 1037 1605 1823 1641">
     <span class='ocr_line' id='line_1_120' title="bbox 1037 1605 1823 1641; baseline -0.004 -7"><span class='ocrx_word' id='word_1_784' title='bbox 1037 1609 1122 1639; x_wconf 86' lang='lat' dir='ltr'><strong>iniua,</strong></span> <span class='ocrx_word' id='word_1_785' title='bbox 1135 1605 1251 1641; x_wconf 80' lang='lat' dir='ltr'><strong>quorum</strong></span> <span class='ocrx_word' id='word_1_786' title='bbox 1268 1605 1295 1633; x_wconf 82' lang='lat' dir='ltr'><strong>et</strong></span> <span class='ocrx_word' id='word_1_787' title='bbox 1312 1607 1428 1640; x_wconf 82' lang='lat' dir='ltr'><strong>ipsemet</strong></span> <span class='ocrx_word' id='word_1_788' title='bbox 1446 1607 1476 1641; x_wconf 72' lang='lat' dir='ltr'><strong>in</strong></span> <span class='ocrx_word' id='word_1_789' title='bbox 1499 1606 1556 1632; x_wconf 86' lang='lat' dir='ltr'><strong>suis</strong></span> <span class='ocrx_word' id='word_1_790' title='bbox 1582 1605 1716 1639; x_wconf 81' lang='lat' dir='ltr'><strong>epistolis,</strong></span> <span class='ocrx_word' id='word_1_791' title='bbox 1734 1605 1823 1641; x_wconf 24' lang='lat' dir='ltr'><strong>elitllll</strong></span> 
     </span>
    </p>
   </div>
   <div class='ocr_carea' id='block_1_120' title="bbox 1036 1640 1824 1676">
    <p class='ocr_par' dir='ltr' id='par_1_120' title="bbox 1036 1640 1824 1676">
     <span class='ocr_line' id='line_1_121' title="bbox 1036 1640 1824 1676; baseline -0.006 -6"><span class='ocrx_word' id='word_1_792' title='bbox 1036 1645 1106 1671; x_wconf 81' lang='lat' dir='ltr'><strong>sacri</strong></span> <span class='ocrx_word' id='word_1_793' title='bbox 1123 1640 1273 1676; x_wconf 72' lang='lat' dir='ltr'><strong>scriptores</strong></span> <span class='ocrx_word' id='word_1_794' title='bbox 1291 1642 1317 1668; x_wconf 92' lang='lat' dir='ltr'><strong>in</strong></span> <span class='ocrx_word' id='word_1_795' title='bbox 1331 1641 1430 1668; x_wconf 85' lang='lat' dir='ltr'><strong>divinis</strong></span> <span class='ocrx_word' id='word_1_796' title='bbox 1445 1640 1557 1667; x_wconf 85' lang='lat' dir='ltr'><strong>Litteris</strong></span> <span class='ocrx_word' id='word_1_797' title='bbox 1573 1640 1774 1676; x_wconf 81' lang='lat' dir='ltr'><strong>meminerunt?</strong></span> <span class='ocrx_word' id='word_1_798' title='bbox 1786 1648 1824 1672; x_wconf 64' lang='grc' dir='ltr'><strong>δη,</strong></span> 
     </span>
    </p>
   </div>
   <div class='ocr_carea' id='block_1_121' title="bbox 1036 1675 1823 1712">
    <p class='ocr_par' dir='ltr' id='par_1_121' title="bbox 1036 1675 1823 1712">
     <span class='ocr_line' id='line_1_122' title="bbox 1036 1675 1823 1712; baseline -0.006 -7"><span class='ocrx_word' id='word_1_799' title='bbox 1036 1685 1063 1706; x_wconf 91' lang='lat' dir='ltr'><strong>ei</strong></span> <span class='ocrx_word' id='word_1_800' title='bbox 1080 1678 1146 1712; x_wconf 86' lang='lat' dir='ltr'><strong>quis</strong></span> <span class='ocrx_word' id='word_1_801' title='bbox 1169 1675 1241 1704; x_wconf 73' lang='lat' dir='ltr'><strong>esset</strong></span> <span class='ocrx_word' id='word_1_802' title='bbox 1261 1677 1333 1703; x_wconf 90' lang='lat' dir='ltr'><strong>inter</strong></span> <span class='ocrx_word' id='word_1_803' title='bbox 1351 1683 1398 1703; x_wconf 87' lang='lat' dir='ltr'><strong>eos</strong></span> <span class='ocrx_word' id='word_1_804' title='bbox 1419 1677 1543 1712; x_wconf 62' lang='lat' dir='ltr'><strong>ordo._et</strong></span> <span class='ocrx_word' id='word_1_805' title='bbox 1568 1682 1629 1709; x_wconf 67' lang='lat' dir='ltr'><strong>qua:</strong></span> <span class='ocrx_word' id='word_1_806' title='bbox 1651 1675 1823 1712; x_wconf 68' lang='lat' dir='ltr'><strong>singulorum</strong></span> 
     </span>
    </p>
   </div>
   <div class='ocr_carea' id='block_1_122' title="bbox 1035 1709 1823 1747">
    <p class='ocr_par' dir='ltr' id='par_1_122' title="bbox 1035 1709 1823 1747">
     <span class='ocr_line' id='line_1_123' title="bbox 1035 1709 1823 1747; baseline -0.006 -7"><span class='ocrx_word' id='word_1_807' title='bbox 1035 1709 1122 1741; x_wconf 57' lang='lat' dir='ltr'><strong>ollic&#39;ia</strong></span> <span class='ocrx_word' id='word_1_808' title='bbox 1141 1713 1293 1747; x_wconf 86' lang='lat' dir='ltr'><strong>poposcerit</strong></span> <span class='ocrx_word' id='word_1_809' title='bbox 1308 1716 1335 1738; x_wconf 87' lang='lat' dir='ltr'><strong>et</strong></span> <span class='ocrx_word' id='word_1_810' title='bbox 1346 1710 1536 1747; x_wconf 44' lang='lat' dir='ltr'><strong>didiceritiEt</strong></span> <span class='ocrx_word' id='word_1_811' title='bbox 1549 1717 1626 1742; x_wconf 83' lang='lat' dir='ltr'><strong>sane,</strong></span> <span class='ocrx_word' id='word_1_812' title='bbox 1639 1710 1726 1747; x_wconf 65' lang='lat' dir='ltr'><strong>siista</strong></span> <span class='ocrx_word' id='word_1_813' title='bbox 1742 1709 1823 1747; x_wconf 55' lang='lat' dir='ltr'><strong>Scuié</strong></span> 
     </span>
    </p>
   </div>
   <div class='ocr_carea' id='block_1_123' title="bbox 1038 1743 1825 1780">
    <p class='ocr_par' dir='ltr' id='par_1_123' title="bbox 1038 1743 1825 1780">
     <span class='ocr_line' id='line_1_124' title="bbox 1038 1743 1825 1780; baseline -0.006 -5"><span class='ocrx_word' id='word_1_814' title='bbox 1038 1750 1087 1776; x_wconf 87' lang='lat' dir='ltr'><strong>leti</strong></span> <span class='ocrx_word' id='word_1_815' title='bbox 1102 1743 1230 1775; x_wconf 44' lang='lat' dir='ltr'><strong>ratio—vel</strong></span> <span class='ocrx_word' id='word_1_816' title='bbox 1248 1747 1332 1773; x_wconf 92' lang='lat' dir='ltr'><strong>hilum</strong></span> <span class='ocrx_word' id='word_1_817' title='bbox 1349 1747 1462 1778; x_wconf 85' lang='lat' dir='ltr'><strong>valeret,</strong></span> <span class='ocrx_word' id='word_1_818' title='bbox 1481 1746 1539 1780; x_wconf 91' lang='lat' dir='ltr'><strong>plus</strong></span> <span class='ocrx_word' id='word_1_819' title='bbox 1552 1751 1649 1773; x_wconf 89' lang='lat' dir='ltr'><strong>contra</strong></span> <span class='ocrx_word' id='word_1_820' title='bbox 1666 1744 1695 1771; x_wconf 91' lang='lat' dir='ltr'><strong>S.</strong></span> <span class='ocrx_word' id='word_1_821' title='bbox 1708 1743 1825 1772; x_wconf 84' lang='lat' dir='ltr'><strong>Joannis</strong></span> 
     </span>
    </p>
   </div>
   <div class='ocr_carea' id='block_1_124' title="bbox 1035 1779 1824 1818">
    <p class='ocr_par' dir='ltr' id='par_1_124' title="bbox 1035 1779 1824 1818">
     <span class='ocr_line' id='line_1_125' title="bbox 1035 1779 1824 1818; baseline -0.004 -9"><span class='ocrx_word' id='word_1_822' title='bbox 1035 1783 1236 1818; x_wconf 80' lang='lat' dir='ltr'><strong>Apocalypsiin,</strong></span> <span class='ocrx_word' id='word_1_823' title='bbox 1252 1790 1331 1816; x_wconf 92' lang='lat' dir='ltr'><strong>quam</strong></span> <span class='ocrx_word' id='word_1_824' title='bbox 1346 1787 1445 1818; x_wconf 85' lang='lat' dir='ltr'><strong>contra</strong></span> <span class='ocrx_word' id='word_1_825' title='bbox 1457 1779 1576 1815; x_wconf 87' lang='lat' dir='ltr'><strong>Dionysii</strong></span> <span class='ocrx_word' id='word_1_826' title='bbox 1593 1779 1824 1818; x_wconf 59' lang='lat' dir='ltr'><strong>sct&#39;ipt_sza_ceret.</strong></span> 
     </span>
    </p>
   </div>
   <div class='ocr_carea' id='block_1_125' title="bbox 1036 1815 1823 1852">
    <p class='ocr_par' dir='ltr' id='par_1_125' title="bbox 1036 1815 1823 1852">
     <span class='ocr_line' id='line_1_126' title="bbox 1036 1815 1823 1852; baseline -0.005 -7"><span class='ocrx_word' id='word_1_827' title='bbox 1036 1815 1120 1845; x_wconf 47' lang='lat' dir='ltr'><strong>M‘ulio</strong></span> <span class='ocrx_word' id='word_1_828' title='bbox 1134 1815 1205 1844; x_wconf 73' lang='lat' dir='ltr'><strong>enim</strong></span> <span class='ocrx_word' id='word_1_829' title='bbox 1231 1815 1269 1844; x_wconf 72' lang='grc' dir='ltr'>ιω</span> <span class='ocrx_word' id='word_1_830' title='bbox 1281 1818 1334 1844; x_wconf 85' lang='lat' dir='ltr'><strong>alia</strong></span> <span class='ocrx_word' id='word_1_831' title='bbox 1350 1821 1377 1843; x_wconf 82' lang='lat' dir='ltr'><strong>et</strong></span> <span class='ocrx_word' id='word_1_832' title='bbox 1395 1817 1496 1852; x_wconf 79' lang='lat' dir='ltr'><strong>majora</strong></span> <span class='ocrx_word' id='word_1_833' title='bbox 1512 1822 1539 1842; x_wconf 85' lang='lat' dir='ltr'><strong>et</strong></span> <span class='ocrx_word' id='word_1_834' title='bbox 1560 1819 1639 1852; x_wconf 81' lang='lat' dir='ltr'><strong>captu</strong></span> <span class='ocrx_word' id='word_1_835' title='bbox 1655 1815 1823 1852; x_wconf 72' lang='lat' dir='ltr'><strong>diiliciiiora,</strong></span> 
     </span>
    </p>
   </div>
   <div class='ocr_carea' id='block_1_126' title="bbox 1036 1850 1826 1888">
    <p class='ocr_par' dir='ltr' id='par_1_126' title="bbox 1036 1850 1826 1888">
     <span class='ocr_line' id='line_1_127' title="bbox 1036 1850 1826 1888; baseline -0.004 -9"><span class='ocrx_word' id='word_1_836' title='bbox 1036 1862 1118 1888; x_wconf 89' lang='lat' dir='ltr'><strong>qitaiii</strong></span> <span class='ocrx_word' id='word_1_837' title='bbox 1131 1854 1157 1880; x_wconf 94' lang='lat' dir='ltr'><strong>in</strong></span> <span class='ocrx_word' id='word_1_838' title='bbox 1173 1853 1300 1887; x_wconf 86' lang='lat' dir='ltr'><strong>Dionysio</strong></span> <span class='ocrx_word' id='word_1_839' title='bbox 1311 1850 1495 1888; x_wconf 81' lang='lat' dir='ltr'><strong>memorantur</strong></span> <span class='ocrx_word' id='word_1_840' title='bbox 1509 1859 1590 1888; x_wconf 49' lang='lat' dir='ltr'><strong>{quae</strong></span> <span class='ocrx_word' id='word_1_841' title='bbox 1602 1851 1625 1877; x_wconf 82' lang='lat' dir='ltr'><strong>si</strong></span> <span class='ocrx_word' id='word_1_842' title='bbox 1636 1850 1751 1888; x_wconf 76' lang='lat' dir='ltr'><strong>dixisset</strong></span> <span class='ocrx_word' id='word_1_843' title='bbox 1765 1850 1826 1877; x_wconf 84' lang='lat' dir='ltr'><strong>Dio-</strong></span> 
     </span>
    </p>
   </div>
   <div class='ocr_carea' id='block_1_127' title="bbox 1037 1885 1822 1924">
    <p class='ocr_par' dir='ltr' id='par_1_127' title="bbox 1037 1885 1822 1924">
     <span class='ocr_line' id='line_1_128' title="bbox 1037 1885 1822 1924; baseline -0.005 -9"><span class='ocrx_word' id='word_1_844' title='bbox 1037 1885 1141 1924; x_wconf 83' lang='lat' dir='ltr'><strong>nysius,</strong></span> <span class='ocrx_word' id='word_1_845' title='bbox 1160 1885 1256 1915; x_wconf 72' lang='lat' dir='ltr'><strong>fuisset</strong></span> <span class='ocrx_word' id='word_1_846' title='bbox 1278 1887 1491 1924; x_wconf 23' lang='lat' dir='ltr'><strong>l&#39;orteﬂSculteto</strong></span> <span class='ocrx_word' id='word_1_847' title='bbox 1513 1886 1590 1913; x_wconf 86' lang='lat' dir='ltr'><strong>locus</strong></span> <span class='ocrx_word' id='word_1_848' title='bbox 1613 1885 1702 1924; x_wconf 68' lang='lat' dir='ltr'><strong>major</strong></span> <span class='ocrx_word' id='word_1_849' title='bbox 1724 1892 1822 1924; x_wconf 60' lang='lat' dir='ltr'><strong>recor:</strong></span> 
     </span>
    </p>
   </div>
   <div class='ocr_carea' id='block_1_128' title="bbox 1035 1919 1824 1957">
    <p class='ocr_par' dir='ltr' id='par_1_128' title="bbox 1035 1919 1824 1957">
     <span class='ocr_line' id='line_1_129' title="bbox 1035 1919 1824 1957; baseline -0.006 -6"><span class='ocrx_word' id='word_1_850' title='bbox 1035 1919 1118 1951; x_wconf 77' lang='lat' dir='ltr'><strong>dandi</strong></span> <span class='ocrx_word' id='word_1_851' title='bbox 1144 1930 1200 1949; x_wconf 71' lang='lat' dir='ltr'><strong>suae</strong></span> <span class='ocrx_word' id='word_1_852' title='bbox 1221 1922 1412 1957; x_wconf 81' lang='lat' dir='ltr'><strong>supellectilis;</strong></span> <span class='ocrx_word' id='word_1_853' title='bbox 1436 1929 1532 1955; x_wconf 88' lang='lat' dir='ltr'><strong>nempe</strong></span> <span class='ocrx_word' id='word_1_854' title='bbox 1554 1928 1617 1948; x_wconf 92' lang='lat' dir='ltr'><strong>cum</strong></span> <span class='ocrx_word' id='word_1_855' title='bbox 1638 1921 1770 1957; x_wconf 85' lang='lat' dir='ltr'><strong>audiret:</strong></span> <span class='ocrx_word' id='word_1_856' title='bbox 1787 1919 1824 1947; x_wconf 69' lang='lat' dir='ltr'><strong>Ed</strong></span> 
     </span>
    </p>
   </div>
   <div class='ocr_carea' id='block_1_129' title="bbox 1035 1956 1825 1992">
    <p class='ocr_par' dir='ltr' id='par_1_129' title="bbox 1035 1956 1825 1992">
     <span class='ocr_line' id='line_1_130' title="bbox 1035 1956 1825 1992; baseline -0.005 -7"><span class='ocrx_word' id='word_1_857' title='bbox 1035 1967 1174 1986; x_wconf 72' lang='lat' dir='ltr'><strong>conversus</strong></span> <span class='ocrx_word' id='word_1_858' title='bbox 1183 1959 1237 1985; x_wconf 79' lang='lat' dir='ltr'><strong>vidi</strong></span> <span class='ocrx_word' id='word_1_859' title='bbox 1250 1956 1346 1992; x_wconf 65' lang='lat' dir='ltr'><strong>septem</strong></span> <span class='ocrx_word' id='word_1_860' title='bbox 1356 1957 1528 1989; x_wconf 72' lang='lat' dir='ltr'><strong>candelabra,</strong></span> <span class='ocrx_word' id='word_1_861' title='bbox 1539 1961 1563 1992; x_wconf 65' lang='lat' dir='ltr'><strong>et</strong></span> <span class='ocrx_word' id='word_1_862' title='bbox 1576 1957 1603 1982; x_wconf 81' lang='lat' dir='ltr'><strong>iit</strong></span> <span class='ocrx_word' id='word_1_863' title='bbox 1614 1956 1701 1982; x_wconf 79' lang='lat' dir='ltr'><strong>medio</strong></span> <span class='ocrx_word' id='word_1_864' title='bbox 1722 1960 1825 1989; x_wconf 64' lang='lat' dir='ltr'><strong>reptent</strong></span> 
     </span>
    </p>
   </div>
   <div class='ocr_carea' id='block_1_130' title="bbox 1035 1991 1825 2026">
    <p class='ocr_par' dir='ltr' id='par_1_130' title="bbox 1035 1991 1825 2026">
     <span class='ocr_line' id='line_1_131' title="bbox 1035 1991 1825 2026; baseline -0.005 -6"><span class='ocrx_word' id='word_1_865' title='bbox 1035 1993 1255 2020; x_wconf 81' lang='lat' dir='ltr'><strong>caudelubrorum</strong></span> <span class='ocrx_word' id='word_1_866' title='bbox 1277 1991 1429 2026; x_wconf 65' lang='lat' dir='ltr'><strong>aureorum,</strong></span> <span class='ocrx_word' id='word_1_867' title='bbox 1455 1998 1508 2018; x_wconf 88' lang='lat' dir='ltr'><strong>etc.</strong></span> <span class='ocrx_word' id='word_1_868' title='bbox 1531 1991 1611 2021; x_wconf 85' lang='lat' dir='ltr'><strong>Cum,</strong></span> <span class='ocrx_word' id='word_1_869' title='bbox 1633 1998 1755 2026; x_wconf 75' lang='lat' dir='ltr'><strong>linquant,</strong></span> <span class='ocrx_word' id='word_1_870' title='bbox 1775 1999 1825 2017; x_wconf 84' lang='lat' dir='ltr'><strong>au—</strong></span> 
     </span>
    </p>
   </div>
   <div class='ocr_carea' id='block_1_131' title="bbox 1036 2025 1823 2062">
    <p class='ocr_par' dir='ltr' id='par_1_131' title="bbox 1036 2025 1823 2062">
     <span class='ocr_line' id='line_1_132' title="bbox 1036 2025 1823 2062; baseline -0.003 -8"><span class='ocrx_word' id='word_1_871' title='bbox 1036 2029 1106 2055; x_wconf 76' lang='lat' dir='ltr'><strong>dii-ei</strong></span> <span class='ocrx_word' id='word_1_872' title='bbox 1118 2036 1215 2062; x_wconf 72' lang='lat' dir='ltr'><strong>septem</strong></span> <span class='ocrx_word' id='word_1_873' title='bbox 1237 2028 1407 2060; x_wconf 79' lang='lat' dir='ltr'><strong>candelabra,</strong></span> <span class='ocrx_word' id='word_1_874' title='bbox 1428 2027 1514 2060; x_wconf 84' lang='lat' dir='ltr'><strong>Apoc.</strong></span> <span class='ocrx_word' id='word_1_875' title='bbox 1532 2035 1538 2054; x_wconf 96' lang='lat' dir='ltr'><strong>i</strong></span> <span class='ocrx_word' id='word_1_876' title='bbox 1555 2031 1582 2053; x_wconf 85' lang='lat' dir='ltr'><strong>et</strong></span> <span class='ocrx_word' id='word_1_877' title='bbox 1595 2026 1704 2062; x_wconf 70' lang='lat' dir='ltr'><strong>clunem</strong></span> <span class='ocrx_word' id='word_1_878' title='bbox 1721 2025 1823 2059; x_wconf 72' lang='lat' dir='ltr'><strong>David,</strong></span> 
     </span>
    </p>
   </div>
   <div class='ocr_carea' id='block_1_132' title="bbox 1035 2061 1825 2097">
    <p class='ocr_par' dir='ltr' id='par_1_132' title="bbox 1035 2061 1825 2097">
     <span class='ocr_line' id='line_1_133' title="bbox 1035 2061 1825 2097; baseline 0 -8"><span class='ocrx_word' id='word_1_879' title='bbox 1035 2070 1095 2097; x_wconf 82' lang='lat' dir='ltr'><strong>cap.</strong></span> <span class='ocrx_word' id='word_1_880' title='bbox 1111 2063 1128 2089; x_wconf 77' lang='grc' dir='ltr'>Ξι</span> <span class='ocrx_word' id='word_1_881' title='bbox 1142 2061 1169 2090; x_wconf 84' lang='lat' dir='ltr'><strong>et</strong></span> <span class='ocrx_word' id='word_1_882' title='bbox 1179 2064 1266 2090; x_wconf 72' lang='lat' dir='ltr'><strong>sedem</strong></span> <span class='ocrx_word' id='word_1_883' title='bbox 1281 2064 1393 2097; x_wconf 70' lang='lat' dir='ltr'><strong>positam</strong></span> <span class='ocrx_word' id='word_1_884' title='bbox 1406 2062 1433 2088; x_wconf 86' lang='lat' dir='ltr'><strong>in</strong></span> <span class='ocrx_word' id='word_1_885' title='bbox 1446 2062 1520 2094; x_wconf 64' lang='lat' dir='ltr'><strong>caelo,</strong></span> <span class='ocrx_word' id='word_1_886' title='bbox 1532 2067 1559 2089; x_wconf 87' lang='lat' dir='ltr'><strong>ct</strong></span> <span class='ocrx_word' id='word_1_887' title='bbox 1574 2063 1601 2088; x_wconf 84' lang='lat' dir='ltr'><strong>in</strong></span> <span class='ocrx_word' id='word_1_888' title='bbox 1621 2061 1736 2087; x_wconf 78' lang='lat' dir='ltr'><strong>circuitu</strong></span> <span class='ocrx_word' id='word_1_889' title='bbox 1751 2062 1825 2089; x_wconf 63' lang='lat' dir='ltr'><strong>sedit</strong></span> 
     </span>
    </p>
   </div>
   <div class='ocr_carea' id='block_1_133' title="bbox 1035 2099 1825 2133">
    <p class='ocr_par' dir='ltr' id='par_1_133' title="bbox 1035 2099 1825 2133">
     <span class='ocr_line' id='line_1_134' title="bbox 1035 2099 1825 2133; baseline 0 -9"><span class='ocrx_word' id='word_1_890' title='bbox 1035 2099 1128 2125; x_wconf 72' lang='lat' dir='ltr'><strong>sedilia</strong></span> <span class='ocrx_word' id='word_1_891' title='bbox 1141 2099 1233 2133; x_wconf 82' lang='lat' dir='ltr'><strong>viginti</strong></span> <span class='ocrx_word' id='word_1_892' title='bbox 1245 2103 1371 2133; x_wconf 85' lang='lat' dir='ltr'><strong>quatuor,</strong></span> <span class='ocrx_word' id='word_1_893' title='bbox 1385 2103 1408 2123; x_wconf 85' lang='lat' dir='ltr'><strong>et</strong></span> <span class='ocrx_word' id='word_1_894' title='bbox 1424 2105 1535 2124; x_wconf 72' lang='lat' dir='ltr'><strong>corona:</strong></span> <span class='ocrx_word' id='word_1_895' title='bbox 1549 2104 1653 2128; x_wconf 75' lang='lat' dir='ltr'><strong>aureas,</strong></span> <span class='ocrx_word' id='word_1_896' title='bbox 1669 2104 1731 2129; x_wconf 89' lang='lat' dir='ltr'><strong>cap.</strong></span> <span class='ocrx_word' id='word_1_897' title='bbox 1746 2103 1785 2128; x_wconf 83' lang='lat' dir='ltr'><strong>iv,</strong></span> <span class='ocrx_word' id='word_1_898' title='bbox 1797 2101 1825 2124; x_wconf 83' lang='lat' dir='ltr'><strong>et</strong></span> 
     </span>
    </p>
   </div>
   <div class='ocr_carea' id='block_1_134' title="bbox 1035 2133 1825 2166">
    <p class='ocr_par' dir='ltr' id='par_1_134' title="bbox 1035 2133 1825 2166">
     <span class='ocr_line' id='line_1_135' title="bbox 1035 2133 1825 2166; baseline -0.001 -7"><span class='ocrx_word' id='word_1_899' title='bbox 1035 2133 1133 2159; x_wconf 75' lang='lat' dir='ltr'><strong>librum</strong></span> <span class='ocrx_word' id='word_1_900' title='bbox 1150 2140 1177 2160; x_wconf 89' lang='lat' dir='ltr'><strong>et</strong></span> <span class='ocrx_word' id='word_1_901' title='bbox 1196 2135 1324 2164; x_wconf 73' lang='lat' dir='ltr'><strong>cii/iuras,</strong></span> <span class='ocrx_word' id='word_1_902' title='bbox 1336 2138 1363 2160; x_wconf 86' lang='lat' dir='ltr'><strong>et</strong></span> <span class='ocrx_word' id='word_1_903' title='bbox 1375 2133 1479 2166; x_wconf 69' lang='lat' dir='ltr'><strong>phiala:</strong></span> <span class='ocrx_word' id='word_1_904' title='bbox 1493 2140 1601 2162; x_wconf 69' lang='lat' dir='ltr'><strong>aureas,</strong></span> <span class='ocrx_word' id='word_1_905' title='bbox 1616 2139 1678 2165; x_wconf 88' lang='lat' dir='ltr'><strong>cap.</strong></span> <span class='ocrx_word' id='word_1_906' title='bbox 1693 2139 1721 2164; x_wconf 85' lang='lat' dir='ltr'><strong>v,</strong></span> <span class='ocrx_word' id='word_1_907' title='bbox 1736 2136 1767 2158; x_wconf 86' lang='lat' dir='ltr'><strong>et</strong></span> <span class='ocrx_word' id='word_1_908' title='bbox 1779 2140 1825 2158; x_wconf 83' lang='lat' dir='ltr'><strong>or-</strong></span> 
     </span>
    </p>
   </div>
   <div class='ocr_carea' id='block_1_135' title="bbox 1035 2167 1826 2203">
    <p class='ocr_par' dir='ltr' id='par_1_135' title="bbox 1035 2167 1826 2203">
     <span class='ocr_line' id='line_1_136' title="bbox 1035 2167 1826 2203; baseline 0 -9"><span class='ocrx_word' id='word_1_909' title='bbox 1035 2176 1105 2200; x_wconf 86' lang='lat' dir='ltr'><strong>cum,</strong></span> <span class='ocrx_word' id='word_1_910' title='bbox 1121 2174 1148 2195; x_wconf 87' lang='lat' dir='ltr'><strong>et</strong></span> <span class='ocrx_word' id='word_1_911' title='bbox 1163 2169 1293 2203; x_wconf 77' lang='lat' dir='ltr'><strong>gladium,</strong></span> <span class='ocrx_word' id='word_1_912' title='bbox 1310 2173 1339 2194; x_wconf 86' lang='lat' dir='ltr'><strong>et</strong></span> <span class='ocrx_word' id='word_1_913' title='bbox 1351 2175 1487 2200; x_wconf 85' lang='lat' dir='ltr'><strong>coronam,</strong></span> <span class='ocrx_word' id='word_1_914' title='bbox 1500 2173 1529 2194; x_wconf 89' lang='lat' dir='ltr'><strong>et</strong></span> <span class='ocrx_word' id='word_1_915' title='bbox 1546 2167 1638 2199; x_wconf 74' lang='lat' dir='ltr'><strong>stolas,</strong></span> <span class='ocrx_word' id='word_1_916' title='bbox 1655 2174 1716 2201; x_wconf 90' lang='lat' dir='ltr'><strong>cap.</strong></span> <span class='ocrx_word' id='word_1_917' title='bbox 1739 2173 1781 2198; x_wconf 81' lang='lat' dir='ltr'><strong>vt,</strong></span> <span class='ocrx_word' id='word_1_918' title='bbox 1796 2172 1826 2194; x_wconf 88' lang='lat' dir='ltr'><strong>et</strong></span> 
     </span>
    </p>
   </div>
   <div class='ocr_carea' id='block_1_136' title="bbox 1035 2203 1824 2237">
    <p class='ocr_par' dir='ltr' id='par_1_136' title="bbox 1035 2203 1824 2237">
     <span class='ocr_line' id='line_1_137' title="bbox 1035 2203 1824 2237; baseline -0.003 -8"><span class='ocrx_word' id='word_1_919' title='bbox 1035 2203 1163 2237; x_wconf 79' lang='lat' dir='ltr'><strong>palmam,</strong></span> <span class='ocrx_word' id='word_1_920' title='bbox 1181 2209 1208 2230; x_wconf 90' lang='lat' dir='ltr'><strong>et</strong></span> <span class='ocrx_word' id='word_1_921' title='bbox 1223 2207 1357 2235; x_wconf 81' lang='lat' dir='ltr'><strong>thronum,</strong></span> <span class='ocrx_word' id='word_1_922' title='bbox 1369 2209 1396 2228; x_wconf 89' lang='lat' dir='ltr'><strong>et</strong></span> <span class='ocrx_word' id='word_1_923' title='bbox 1410 2203 1545 2236; x_wconf 79' lang='lat' dir='ltr'><strong>templum,</strong></span> <span class='ocrx_word' id='word_1_924' title='bbox 1559 2209 1619 2235; x_wconf 89' lang='lat' dir='ltr'><strong>cap.</strong></span> <span class='ocrx_word' id='word_1_925' title='bbox 1632 2209 1678 2234; x_wconf 89' lang='lat' dir='ltr'><strong>vti,</strong></span> <span class='ocrx_word' id='word_1_926' title='bbox 1693 2206 1722 2228; x_wconf 84' lang='lat' dir='ltr'><strong>et.</strong></span> <span class='ocrx_word' id='word_1_927' title='bbox 1732 2203 1824 2234; x_wconf 66' lang='lat' dir='ltr'><strong>tubas,</strong></span> 
     </span>
    </p>
   </div>
   <div class='ocr_carea' id='block_1_137' title="bbox 1037 2237 1826 2272">
    <p class='ocr_par' dir='ltr' id='par_1_137' title="bbox 1037 2237 1826 2272">
     <span class='ocr_line' id='line_1_138' title="bbox 1037 2237 1826 2272; baseline -0.001 -7"><span class='ocrx_word' id='word_1_928' title='bbox 1037 2244 1064 2265; x_wconf 84' lang='lat' dir='ltr'><strong>et</strong></span> <span class='ocrx_word' id='word_1_929' title='bbox 1084 2239 1229 2271; x_wconf 72' lang='lat' dir='ltr'><strong>tliuribulu,</strong></span> <span class='ocrx_word' id='word_1_930' title='bbox 1246 2243 1273 2265; x_wconf 89' lang='lat' dir='ltr'><strong>et</strong></span> <span class='ocrx_word' id='word_1_931' title='bbox 1288 2239 1395 2264; x_wconf 76' lang='lat' dir='ltr'><strong>incensa</strong></span> <span class='ocrx_word' id='word_1_932' title='bbox 1416 2239 1512 2270; x_wconf 79' lang='lat' dir='ltr'><strong>multa,</strong></span> <span class='ocrx_word' id='word_1_933' title='bbox 1530 2245 1590 2272; x_wconf 78' lang='lat' dir='ltr'><strong>Cap.</strong></span> <span class='ocrx_word' id='word_1_934' title='bbox 1605 2244 1664 2268; x_wconf 89' lang='lat' dir='ltr'><strong>vni,</strong></span> <span class='ocrx_word' id='word_1_935' title='bbox 1680 2242 1708 2272; x_wconf 72' lang='lat' dir='ltr'><strong>et</strong></span> <span class='ocrx_word' id='word_1_936' title='bbox 1729 2237 1783 2263; x_wconf 84' lang='lat' dir='ltr'><strong>alia</strong></span> <span class='ocrx_word' id='word_1_937' title='bbox 1796 2238 1826 2264; x_wconf 81' lang='lat' dir='ltr'><strong>iu</strong></span> 
     </span>
    </p>
   </div>
   <div class='ocr_carea' id='block_1_138' title="bbox 1037 2271 1824 2307">
    <p class='ocr_par' dir='ltr' id='par_1_138' title="bbox 1037 2271 1824 2307">
     <span class='ocr_line' id='line_1_139' title="bbox 1037 2271 1824 2307; baseline 0 -7"><span class='ocrx_word' id='word_1_938' title='bbox 1037 2273 1109 2300; x_wconf 87' lang='lat' dir='ltr'><strong>aliis.</strong></span> <span class='ocrx_word' id='word_1_939' title='bbox 1130 2274 1197 2301; x_wconf 72' lang='lat' dir='ltr'><strong>Cum</strong></span> <span class='ocrx_word' id='word_1_940' title='bbox 1221 2277 1288 2305; x_wconf 77' lang='lat' dir='ltr'><strong>inec,</strong></span> <span class='ocrx_word' id='word_1_941' title='bbox 1306 2275 1428 2307; x_wconf 85' lang='lat' dir='ltr'><strong>inquam,</strong></span> <span class='ocrx_word' id='word_1_942' title='bbox 1451 2274 1494 2299; x_wconf 84' lang='lat' dir='ltr'><strong>vel</strong></span> <span class='ocrx_word' id='word_1_943' title='bbox 1516 2271 1616 2300; x_wconf 80' lang='lat' dir='ltr'><strong>similia</strong></span> <span class='ocrx_word' id='word_1_944' title='bbox 1637 2280 1665 2298; x_wconf 89' lang='grc' dir='ltr'><strong>ιιι</strong></span> <span class='ocrx_word' id='word_1_945' title='bbox 1690 2271 1824 2306; x_wconf 82' lang='lat' dir='ltr'><strong>Dionysio</strong></span> 
     </span>
    </p>
   </div>
   <div class='ocr_carea' id='block_1_139' title="bbox 1038 2307 1824 2343">
    <p class='ocr_par' dir='ltr' id='par_1_139' title="bbox 1038 2307 1824 2343">
     <span class='ocr_line' id='line_1_140' title="bbox 1038 2307 1824 2343; baseline -0.001 -8"><span class='ocrx_word' id='word_1_946' title='bbox 1038 2308 1155 2341; x_wconf 85' lang='lat' dir='ltr'><strong>audiret,</strong></span> <span class='ocrx_word' id='word_1_947' title='bbox 1172 2313 1227 2335; x_wconf 90' lang='lat' dir='ltr'><strong>tum</strong></span> <span class='ocrx_word' id='word_1_948' title='bbox 1251 2308 1346 2342; x_wconf 83' lang='lat' dir='ltr'><strong>majori</strong></span> <span class='ocrx_word' id='word_1_949' title='bbox 1366 2308 1428 2341; x_wconf 87' lang='lat' dir='ltr'><strong>jure</strong></span> <span class='ocrx_word' id='word_1_950' title='bbox 1445 2315 1493 2334; x_wconf 86' lang='lat' dir='ltr'><strong>sna</strong></span> <span class='ocrx_word' id='word_1_951' title='bbox 1514 2308 1559 2335; x_wconf 87' lang='lat' dir='ltr'><strong>illa</strong></span> <span class='ocrx_word' id='word_1_952' title='bbox 1579 2308 1613 2334; x_wconf 88' lang='lat' dir='ltr'><strong>de</strong></span> <span class='ocrx_word' id='word_1_953' title='bbox 1632 2307 1696 2334; x_wconf 77' lang='lat' dir='ltr'><strong>C(Bll</strong></span> <span class='ocrx_word' id='word_1_954' title='bbox 1731 2308 1824 2343; x_wconf 85' lang='lat' dir='ltr'><strong>supel-</strong></span> 
     </span>
    </p>
   </div>
   <div class='ocr_carea' id='block_1_140' title="bbox 1038 2342 1823 2371">
    <p class='ocr_par' dir='ltr' id='par_1_140' title="bbox 1038 2342 1823 2371">
     <span class='ocr_line' id='line_1_141' title="bbox 1038 2342 1823 2371; baseline -0.001 -1"><span class='ocrx_word' id='word_1_955' title='bbox 1038 2343 1127 2370; x_wconf 85' lang='lat' dir='ltr'><strong>lectile</strong></span> <span class='ocrx_word' id='word_1_956' title='bbox 1141 2349 1169 2371; x_wconf 86' lang='lat' dir='ltr'><strong>et</strong></span> <span class='ocrx_word' id='word_1_957' title='bbox 1184 2344 1336 2370; x_wconf 84' lang='lat' dir='ltr'><strong>inveniario</strong></span> <span class='ocrx_word' id='word_1_958' title='bbox 1352 2343 1548 2370; x_wconf 79' lang='lat' dir='ltr'><strong>deblateraret.</strong></span> <span class='ocrx_word' id='word_1_959' title='bbox 1561 2342 1638 2369; x_wconf 73' lang='lat' dir='ltr'><strong>Nunc</strong></span> <span class='ocrx_word' id='word_1_960' title='bbox 1650 2347 1744 2368; x_wconf 85' lang='lat' dir='ltr'><strong>autem</strong></span> <span class='ocrx_word' id='word_1_961' title='bbox 1758 2342 1823 2369; x_wconf 73' lang='lat' dir='ltr'><strong>eum</strong></span> 
     </span>
    </p>
   </div>
   <div class='ocr_carea' id='block_1_141' title="bbox 1038 2376 1824 2413">
    <p class='ocr_par' dir='ltr' id='par_1_141' title="bbox 1038 2376 1824 2413">
     <span class='ocr_line' id='line_1_142' title="bbox 1038 2376 1824 2413; baseline -0.001 -8"><span class='ocrx_word' id='word_1_962' title='bbox 1038 2379 1082 2405; x_wconf 86' lang='lat' dir='ltr'><strong>illa</strong></span> <span class='ocrx_word' id='word_1_963' title='bbox 1094 2378 1121 2405; x_wconf 91' lang='lat' dir='ltr'><strong>in</strong></span> <span class='ocrx_word' id='word_1_964' title='bbox 1136 2379 1257 2413; x_wconf 80' lang='lat' dir='ltr'><strong>Apostoli</strong></span> <span class='ocrx_word' id='word_1_965' title='bbox 1271 2380 1380 2412; x_wconf 83' lang='lat' dir='ltr'><strong>scriptis</strong></span> <span class='ocrx_word' id='word_1_966' title='bbox 1392 2380 1528 2413; x_wconf 79' lang='lat' dir='ltr'><strong>legantur,</strong></span> <span class='ocrx_word' id='word_1_967' title='bbox 1539 2378 1605 2412; x_wconf 89' lang='lat' dir='ltr'><strong>quid</strong></span> <span class='ocrx_word' id='word_1_968' title='bbox 1621 2377 1717 2404; x_wconf 80' lang='lat' dir='ltr'><strong>dicet?</strong></span> <span class='ocrx_word' id='word_1_969' title='bbox 1731 2376 1824 2404; x_wconf 81' lang='lat' dir='ltr'><strong>Licmt</strong></span> 
     </span>
    </p>
   </div>
   <div class='ocr_carea' id='block_1_142' title="bbox 1037 2412 1823 2441">
    <p class='ocr_par' dir='ltr' id='par_1_142' title="bbox 1037 2412 1823 2441">
     <span class='ocr_line' id='line_1_143' title="bbox 1037 2412 1823 2441; baseline 0 -2"><span class='ocrx_word' id='word_1_970' title='bbox 1037 2413 1117 2440; x_wconf 87' lang='lat' dir='ltr'><strong>beato</strong></span> <span class='ocrx_word' id='word_1_971' title='bbox 1127 2412 1224 2441; x_wconf 75' lang='lat' dir='ltr'><strong>Joanni</strong></span> <span class='ocrx_word' id='word_1_972' title='bbox 1241 2419 1295 2440; x_wconf 88' lang='lat' dir='ltr'><strong>tam</strong></span> <span class='ocrx_word' id='word_1_973' title='bbox 1309 2415 1392 2440; x_wconf 90' lang='lat' dir='ltr'><strong>multa</strong></span> <span class='ocrx_word' id='word_1_974' title='bbox 1404 2420 1431 2440; x_wconf 89' lang='lat' dir='ltr'><strong>et</strong></span> <span class='ocrx_word' id='word_1_975' title='bbox 1444 2418 1497 2439; x_wconf 85' lang='lat' dir='ltr'><strong>tam</strong></span> <span class='ocrx_word' id='word_1_976' title='bbox 1510 2414 1648 2440; x_wconf 85' lang='lat' dir='ltr'><strong>recondita</strong></span> <span class='ocrx_word' id='word_1_977' title='bbox 1663 2412 1698 2438; x_wconf 87' lang='lat' dir='ltr'><strong>de</strong></span> <span class='ocrx_word' id='word_1_978' title='bbox 1710 2413 1785 2439; x_wconf 66' lang='lat' dir='ltr'><strong>ccio</strong></span> <span class='ocrx_word' id='word_1_979' title='bbox 1795 2418 1823 2439; x_wconf 68' lang='lat' dir='ltr'><strong>et</strong></span> 
     </span>
    </p>
   </div>
   <div class='ocr_carea' id='block_1_143' title="bbox 1037 2448 1823 2483">
    <p class='ocr_par' dir='ltr' id='par_1_143' title="bbox 1037 2448 1823 2483">
     <span class='ocr_line' id='line_1_144' title="bbox 1037 2448 1823 2483; baseline 0 -9"><span class='ocrx_word' id='word_1_980' title='bbox 1037 2449 1195 2476; x_wconf 74' lang='lat' dir='ltr'><strong>cteiestibus</strong></span> <span class='ocrx_word' id='word_1_981' title='bbox 1223 2450 1336 2479; x_wconf 77' lang='lat' dir='ltr'><strong>referre,</strong></span> <span class='ocrx_word' id='word_1_982' title='bbox 1356 2454 1384 2475; x_wconf 88' lang='lat' dir='ltr'><strong>et</strong></span> <span class='ocrx_word' id='word_1_983' title='bbox 1408 2448 1508 2474; x_wconf 90' lang='lat' dir='ltr'><strong>mundo</strong></span> <span class='ocrx_word' id='word_1_984' title='bbox 1527 2448 1705 2483; x_wconf 81' lang='lat' dir='ltr'><strong>patefacere:</strong></span> <span class='ocrx_word' id='word_1_985' title='bbox 1723 2453 1823 2474; x_wconf 70' lang='lat' dir='ltr'><strong>sancht</strong></span> 
     </span>
    </p>
   </div>
   <div class='ocr_carea' id='block_1_144' title="bbox 1036 2483 1822 2517">
    <p class='ocr_par' dir='ltr' id='par_1_144' title="bbox 1036 2483 1822 2517">
     <span class='ocr_line' id='line_1_145' title="bbox 1036 2483 1822 2517; baseline -0.001 -8"><span class='ocrx_word' id='word_1_986' title='bbox 1036 2483 1120 2510; x_wconf 84' lang='lat' dir='ltr'><strong>l’aulo</strong></span> <span class='ocrx_word' id='word_1_987' title='bbox 1134 2489 1225 2511; x_wconf 87' lang='lat' dir='ltr'><strong>autem</strong></span> <span class='ocrx_word' id='word_1_988' title='bbox 1241 2493 1294 2511; x_wconf 92' lang='lat' dir='ltr'><strong>non</strong></span> <span class='ocrx_word' id='word_1_989' title='bbox 1311 2483 1419 2510; x_wconf 81' lang='lat' dir='ltr'><strong>licuerit</strong></span> <span class='ocrx_word' id='word_1_990' title='bbox 1432 2490 1519 2517; x_wconf 84' lang='lat' dir='ltr'><strong>pauca</strong></span> <span class='ocrx_word' id='word_1_991' title='bbox 1531 2484 1666 2517; x_wconf 70' lang='lat' dir='ltr'><strong>quaedam,</strong></span> <span class='ocrx_word' id='word_1_992' title='bbox 1685 2490 1778 2517; x_wconf 78' lang='lat' dir='ltr'><strong>eaque</strong></span> <span class='ocrx_word' id='word_1_993' title='bbox 1789 2483 1822 2509; x_wconf 82' lang='lat' dir='ltr'><strong>ad</strong></span> 
     </span>
    </p>
   </div>
   <div class='ocr_carea' id='block_1_145' title="bbox 1036 2516 1822 2553">
    <p class='ocr_par' dir='ltr' id='par_1_145' title="bbox 1036 2516 1822 2553">
     <span class='ocr_line' id='line_1_146' title="bbox 1036 2516 1822 2553; baseline -0.001 -9"><span class='ocrx_word' id='word_1_994' title='bbox 1036 2519 1243 2553; x_wconf 72' lang='lat' dir='ltr'><strong>Scripturarum</strong></span> <span class='ocrx_word' id='word_1_995' title='bbox 1266 2516 1471 2553; x_wconf 68' lang='lat' dir='ltr'><strong>intelligentiam</strong></span> <span class='ocrx_word' id='word_1_996' title='bbox 1496 2516 1660 2552; x_wconf 79' lang='lat' dir='ltr'><strong>spectantia,</strong></span> <span class='ocrx_word' id='word_1_997' title='bbox 1686 2516 1822 2552; x_wconf 84' lang='lat' dir='ltr'><strong>Dionysio</strong></span> 
     </span>
    </p>
   </div>
   <div class='ocr_carea' id='block_1_146' title="bbox 1035 2553 1822 2588">
    <p class='ocr_par' dir='ltr' id='par_1_146' title="bbox 1035 2553 1822 2588">
     <span class='ocr_line' id='line_1_147' title="bbox 1035 2553 1822 2588; baseline 0 -9"><span class='ocrx_word' id='word_1_998' title='bbox 1035 2554 1206 2588; x_wconf 64' lang='lat' dir='ltr'><strong>Areopagitae</strong></span> <span class='ocrx_word' id='word_1_999' title='bbox 1227 2563 1241 2580; x_wconf 94' lang='lat' dir='ltr'><strong>a</strong></span> <span class='ocrx_word' id='word_1_1000' title='bbox 1261 2561 1290 2580; x_wconf 86' lang='lat' dir='ltr'><strong>se</strong></span> <span class='ocrx_word' id='word_1_1001' title='bbox 1302 2560 1447 2586; x_wconf 81' lang='lat' dir='ltr'><strong>converso,</strong></span> <span class='ocrx_word' id='word_1_1002' title='bbox 1461 2560 1490 2580; x_wconf 84' lang='lat' dir='ltr'><strong>et</strong></span> <span class='ocrx_word' id='word_1_1003' title='bbox 1509 2553 1644 2586; x_wconf 83' lang='lat' dir='ltr'><strong>discipulo</strong></span> <span class='ocrx_word' id='word_1_1004' title='bbox 1657 2559 1720 2588; x_wconf 79' lang='lat' dir='ltr'><strong>suo,</strong></span> <span class='ocrx_word' id='word_1_1005' title='bbox 1735 2559 1822 2579; x_wconf 69' lang='lat' dir='ltr'><strong>enai‘</strong></span> 
     </span>
    </p>
   </div>
   <div class='ocr_carea' id='block_1_147' title="bbox 1036 2587 1822 2621">
    <p class='ocr_par' dir='ltr' id='par_1_147' title="bbox 1036 2587 1822 2621">
     <span class='ocr_line' id='line_1_148' title="bbox 1036 2587 1822 2621; baseline -0.003 -7"><span class='ocrx_word' id='word_1_1006' title='bbox 1036 2590 1116 2615; x_wconf 76' lang='lat' dir='ltr'><strong>rare?</strong></span> <span class='ocrx_word' id='word_1_1007' title='bbox 1131 2587 1200 2621; x_wconf 73' lang='lat' dir='ltr'><strong>Quid</strong></span> <span class='ocrx_word' id='word_1_1008' title='bbox 1220 2589 1278 2615; x_wconf 80' lang='lat' dir='ltr'><strong>ita?</strong></span> <span class='ocrx_word' id='word_1_1009' title='bbox 1293 2589 1361 2621; x_wconf 77' lang='lat' dir='ltr'><strong>Quia</strong></span> <span class='ocrx_word' id='word_1_1010' title='bbox 1380 2590 1480 2615; x_wconf 78' lang='lat' dir='ltr'><strong>audivit</strong></span> <span class='ocrx_word' id='word_1_1011' title='bbox 1499 2596 1600 2614; x_wconf 82' lang='lat' dir='ltr'><strong>arcano</strong></span> <span class='ocrx_word' id='word_1_1012' title='bbox 1616 2587 1707 2619; x_wconf 72' lang='lat' dir='ltr'><strong>verba,</strong></span> <span class='ocrx_word' id='word_1_1013' title='bbox 1722 2588 1822 2621; x_wconf 71' lang='grc' dir='ltr'>ἱιιιμιξι,</span> 
     </span>
    </p>
   </div>
   <div class='ocr_carea' id='block_1_148' title="bbox 1036 2622 1821 2658">
    <p class='ocr_par' dir='ltr' id='par_1_148' title="bbox 1036 2622 1821 2658">
     <span class='ocr_line' id='line_1_149' title="bbox 1036 2622 1821 2658; baseline 0 -8"><span class='ocrx_word' id='word_1_1014' title='bbox 1036 2624 1183 2655; x_wconf 69' lang='lat' dir='ltr'><strong>Scultetus,</strong></span> <span class='ocrx_word' id='word_1_1015' title='bbox 1191 2631 1249 2658; x_wconf 74' lang='lat' dir='ltr'><strong>qua:</strong></span> <span class='ocrx_word' id='word_1_1016' title='bbox 1261 2632 1310 2652; x_wconf 86' lang='lat' dir='ltr'><strong>non</strong></span> <span class='ocrx_word' id='word_1_1017' title='bbox 1320 2625 1378 2650; x_wconf 80' lang='lat' dir='ltr'><strong>licet</strong></span> <span class='ocrx_word' id='word_1_1018' title='bbox 1390 2623 1489 2650; x_wconf 82' lang='lat' dir='ltr'><strong>homini</strong></span> <span class='ocrx_word' id='word_1_1019' title='bbox 1497 2623 1569 2658; x_wconf 83' lang='lat' dir='ltr'><strong>loqui</strong></span> <span class='ocrx_word' id='word_1_1020' title='bbox 1581 2627 1604 2649; x_wconf 72' lang='grc' dir='ltr'><strong>ο.</strong></span> <span class='ocrx_word' id='word_1_1021' title='bbox 1616 2622 1732 2657; x_wconf 69' lang='lat' dir='ltr'><strong>Egregie</strong></span> <span class='ocrx_word' id='word_1_1022' title='bbox 1745 2630 1821 2650; x_wconf 82' lang='lat' dir='ltr'><strong>vero.</strong></span> 
     </span>
    </p>
   </div>
   <div class='ocr_carea' id='block_1_149' title="bbox 1033 2659 1822 2693">
    <p class='ocr_par' dir='ltr' id='par_1_149' title="bbox 1033 2659 1822 2693">
     <span class='ocr_line' id='line_1_150' title="bbox 1033 2659 1822 2693; baseline -0.001 -9"><span class='ocrx_word' id='word_1_1023' title='bbox 1033 2660 1159 2693; x_wconf 81' lang='lat' dir='ltr'><strong>Appiica,</strong></span> <span class='ocrx_word' id='word_1_1024' title='bbox 1176 2660 1307 2687; x_wconf 67' lang='lat' dir='ltr'><strong>Scultete.</strong></span> <span class='ocrx_word' id='word_1_1025' title='bbox 1325 2659 1380 2686; x_wconf 81' lang='lat' dir='ltr'><strong>Nec</strong></span> <span class='ocrx_word' id='word_1_1026' title='bbox 1391 2659 1472 2690; x_wconf 82' lang='lat' dir='ltr'><strong>facis,</strong></span> <span class='ocrx_word' id='word_1_1027' title='bbox 1484 2666 1535 2685; x_wconf 87' lang='lat' dir='ltr'><strong>nec</strong></span> <span class='ocrx_word' id='word_1_1028' title='bbox 1554 2663 1641 2692; x_wconf 87' lang='lat' dir='ltr'><strong>potes.</strong></span> <span class='ocrx_word' id='word_1_1029' title='bbox 1655 2660 1725 2691; x_wconf 80' lang='lat' dir='ltr'><strong>Quis</strong></span> <span class='ocrx_word' id='word_1_1030' title='bbox 1746 2659 1822 2684; x_wconf 79' lang='lat' dir='ltr'><strong>enim</strong></span> 
     </span>
    </p>
   </div>
   <div class='ocr_carea' id='block_1_150' title="bbox 1034 2693 1823 2729">
    <p class='ocr_par' dir='ltr' id='par_1_150' title="bbox 1034 2693 1823 2729">
     <span class='ocr_line' id='line_1_151' title="bbox 1034 2693 1823 2729; baseline -0.001 -9"><span class='ocrx_word' id='word_1_1031' title='bbox 1034 2701 1121 2721; x_wconf 86' lang='lat' dir='ltr'><strong>risum</strong></span> <span class='ocrx_word' id='word_1_1032' title='bbox 1135 2699 1235 2726; x_wconf 81' lang='lat' dir='ltr'><strong>teneat,</strong></span> <span class='ocrx_word' id='word_1_1033' title='bbox 1255 2695 1277 2722; x_wconf 83' lang='lat' dir='ltr'><strong>si</strong></span> <span class='ocrx_word' id='word_1_1034' title='bbox 1296 2701 1329 2722; x_wconf 84' lang='lat' dir='ltr'><strong>ea</strong></span> <span class='ocrx_word' id='word_1_1035' title='bbox 1347 2695 1406 2729; x_wconf 85' lang='lat' dir='ltr'><strong>ipsa</strong></span> <span class='ocrx_word' id='word_1_1036' title='bbox 1422 2701 1484 2721; x_wconf 83' lang='lat' dir='ltr'><strong>esse</strong></span> <span class='ocrx_word' id='word_1_1037' title='bbox 1502 2694 1578 2721; x_wconf 84' lang='lat' dir='ltr'><strong>dicas</strong></span> <span class='ocrx_word' id='word_1_1038' title='bbox 1595 2700 1655 2727; x_wconf 62' lang='lat' dir='ltr'><strong>quae</strong></span> <span class='ocrx_word' id='word_1_1039' title='bbox 1670 2693 1823 2728; x_wconf 76' lang='lat' dir='ltr'><strong>Dionysius</strong></span> 
     </span>
    </p>
   </div>
   <div class='ocr_carea' id='block_1_151' title="bbox 1034 2729 1822 2764">
    <p class='ocr_par' dir='ltr' id='par_1_151' title="bbox 1034 2729 1822 2764">
     <span class='ocr_line' id='line_1_152' title="bbox 1034 2729 1822 2764; baseline -0.001 -9"><span class='ocrx_word' id='word_1_1040' title='bbox 1034 2731 1192 2756; x_wconf 82' lang='lat' dir='ltr'><strong>enarravit“!</strong></span> <span class='ocrx_word' id='word_1_1041' title='bbox 1207 2732 1257 2762; x_wconf 86' lang='lat' dir='ltr'><strong>Qui</strong></span> <span class='ocrx_word' id='word_1_1042' title='bbox 1284 2730 1356 2757; x_wconf 88' lang='lat' dir='ltr'><strong>enim</strong></span> <span class='ocrx_word' id='word_1_1043' title='bbox 1379 2729 1499 2764; x_wconf 83' lang='lat' dir='ltr'><strong>probes?</strong></span> <span class='ocrx_word' id='word_1_1044' title='bbox 1516 2730 1564 2755; x_wconf 77' lang='lat' dir='ltr'><strong>Sin</strong></span> <span class='ocrx_word' id='word_1_1045' title='bbox 1587 2730 1640 2755; x_wconf 83' lang='lat' dir='ltr'><strong>alia</strong></span> <span class='ocrx_word' id='word_1_1046' title='bbox 1653 2733 1822 2764; x_wconf 17' lang='lat' dir='ltr'><strong>esseruicas.</strong></span> 
     </span>
    </p>
   </div>
   <div class='ocr_carea' id='block_1_152' title="bbox 1034 2763 1821 2798">
    <p class='ocr_par' dir='ltr' id='par_1_152' title="bbox 1034 2763 1821 2798">
     <span class='ocr_line' id='line_1_153' title="bbox 1034 2763 1821 2798; baseline 0 -8"><span class='ocrx_word' id='word_1_1047' title='bbox 1034 2765 1102 2791; x_wconf 89' lang='lat' dir='ltr'><strong>nihil</strong></span> <span class='ocrx_word' id='word_1_1048' title='bbox 1117 2765 1197 2792; x_wconf 86' lang='lat' dir='ltr'><strong>facis.</strong></span> <span class='ocrx_word' id='word_1_1049' title='bbox 1220 2766 1345 2792; x_wconf 76' lang='lat' dir='ltr'><strong>Potuisse</strong></span> <span class='ocrx_word' id='word_1_1050' title='bbox 1360 2763 1451 2791; x_wconf 82' lang='lat' dir='ltr'><strong>autem</strong></span> <span class='ocrx_word' id='word_1_1051' title='bbox 1465 2764 1622 2798; x_wconf 81' lang='lat' dir='ltr'><strong>Dionysium</strong></span> <span class='ocrx_word' id='word_1_1052' title='bbox 1636 2769 1654 2790; x_wconf 79' lang='grc' dir='ltr'><strong>ο</strong></span> <span class='ocrx_word' id='word_1_1053' title='bbox 1666 2763 1821 2797; x_wconf 69' lang='lat' dir='ltr'><strong>Scriptum</strong></span> 
     </span>
    </p>
   </div>
   <div class='ocr_carea' id='block_1_153' title="bbox 1034 2798 1821 2836">
    <p class='ocr_par' dir='ltr' id='par_1_153' title="bbox 1034 2798 1821 2836">
     <span class='ocr_line' id='line_1_154' title="bbox 1034 2798 1821 2836; baseline -0.004 -10"><span class='ocrx_word' id='word_1_1054' title='bbox 1034 2807 1130 2827; x_wconf 82' lang='lat' dir='ltr'><strong>novem</strong></span> <span class='ocrx_word' id='word_1_1055' title='bbox 1149 2800 1278 2836; x_wconf 65' lang='lat' dir='ltr'><strong>colligere</strong></span> <span class='ocrx_word' id='word_1_1056' title='bbox 1299 2800 1460 2835; x_wconf 72' lang='lat' dir='ltr'><strong>angelorum</strong></span> <span class='ocrx_word' id='word_1_1057' title='bbox 1485 2803 1609 2828; x_wconf 81' lang='lat' dir='ltr'><strong>ordines.</strong></span> <span class='ocrx_word' id='word_1_1058' title='bbox 1630 2798 1673 2826; x_wconf 83' lang='lat' dir='ltr'><strong>vel</strong></span> <span class='ocrx_word' id='word_1_1059' title='bbox 1698 2805 1734 2825; x_wconf 73' lang='lat' dir='ltr'><strong>ex</strong></span> <span class='ocrx_word' id='word_1_1060' title='bbox 1758 2799 1821 2833; x_wconf 77' lang='lat' dir='ltr'><strong>ipso</strong></span> 
     </span>
    </p>
   </div>
  </div>
