1929 3092
136 232 188 260 ΩΠ

596 229 624 260 Ρ.
652 231 805 260 HALLOIX
822 231 895 261 SOC.
912 230 994 259 JESU
1012 231 1242 266 QUESTIONES
1261 232 1305 262 IV.

1700 238 1753 266 918

137 288 305 333 qtia'inrvilisﬂ
317 289 469 333 Scultetus,
482 290 654 333 ratiocinans
659 299 667 325 ;
689 291 767 333 longe
791 291 914 333 profecto
929 292 952 320 A
964 291 1077 333 ᾴρχαῖον
1092 291 1205 333 ρρηιωιι
1221 291 1372 333 sigriitlcat,
1386 299 1439 333 non
1447 292 1531 320 modo
1542 296 1620 333 vetus
1633 297 1680 320 aut
1701 302 1751 321 an—

136 324 258 361 iiielius,
272 331 352 359 quam
380 325 503 361 minister
526 324 689 358 Calvinista,
711 324 830 361 sapiens.
847 326 913 353 Nam

135 363 190 387 duo
202 360 308 394 probat,
321 367 380 394 quae
393 360 572 395 Dionysiusin
587 362 642 388 suis
656 361 732 388 lihris
743 360 911 388 observavit:

136 402 291 432 unum,_ne
311 394 439 432 mysteria
460 394 618 432 evulgaret;
641 395 722 432 566
743 396 868 428 alterum,
885 401 915 424 ut

136 429 199 466 styli
224 429 393 466 obscuritate
412 430 456 466 illa
483 429 689 458 communiret:
699 429 757 458 Non
782 439 850 466 opus
873 437 916 459 est

136 465 244 500 quidem
261 464 287 490 in
302 472 332 491 re
346 469 400 491 tam
415 465 499 498 clara,
514 471 568 492 tam
584 470 690 498 testata,
706 464 828 500 pluribus
843 467 916 494 testi-

135 499 234 527 moniis
247 508 254 525 :
269 499 380 533 aliquod
400 505 489 527 tamen
509 508 524 528 e
541 500 656 532 Latinis,
676 499 712 528 ne
725 501 794 528 forte
807 501 914 528 deside-

136 540 220 567 retur,
236 535 281 561 hic
296 534 410 568 subiicio
423 543 430 561 :
446 543 541 568 nempe
554 537 640 563 sancti
654 536 801 567 Ambrosii,
815 544 830 564 e
844 536 914 564 libro

137 568 173 595 De
189 569 221 596 iis
235 569 279 606 qui
293 570 422 606 mysteriis
445 571 594 602 initiantur,
610 572 720 606 capitel
738 582 744 598 :
763 581 772 597 ι
788 571 864 598 Nunc
882 571 915 599 de

136 605 285 641 mysteriis,
299 605 401 639 inquit,
425 610 529 639 tempus
551 605 649 634 dicere
666 606 810 640 admonet,
833 611 916 641 atque

135 638 254 676 ipsorum
282 638 513 676 sacramentorum
540 641 674 668 rationem
700 641 780 668 edere
800 638 807 668 ξ
831 638 913 676 quam

131 676 198 700 'ante
219 674 384 708 baptismum
399 675 422 702 si
438 680 608 709 putassemus
631 677 822 704 insinuandum
841 674 915 703 non--

134 710 198 735 duin
213 709 335 743 initiatis,
351 709 502 745 prodidisse
515 712 605 746 potius
617 719 698 746 quam
713 711 832 739 edidisse
845 711 916 739 aesti-

134 751 279 771 maremur.
292 753 302 770 I

172 778 229 816 Huc
240 779 320 806 etiam
336 779 401 813 facit
412 779 495 814 (quod
510 787 577 815 pene
590 780 786 816 praeterieram)
799 780 916 815 Septua-

134 813 207 851 ginta
222 814 399 851 interpretum
415 813 440 842 iii
455 813 635 843 vert‘endis‘ex
649 816 761 844 Hebraeo
775 813 916 851 prophetis

136 847 275 886 allectum,
295 847 461 886 Hieronymo
478 855 558 886 teste,
579 851 745 878 obscuritas.
763 847 834 878 Ναιιί
855 852 916 886 epi-

136 884 204 910 stola
224 883 296 921 ll7_:
316 893 325 909 ι
339 883 416 921 Unde
434 885 561 919 conjicio,
583 886 686 921 inquit,
711 886 832 913 noluisse
851 883 916 914 tunc

135 919 264 953 temporis
280 919 641 956 Septuagintarinterpretes
664 921 727 948 iidei
751 929 806 949 suae
823 928 916 948 sacra-

135 959 224 990 menta
241 955 382 988 perspicue
397 955 513 983 ethnicis
529 956 653 990 prodere,
669 963 702 983 ne
723 961 847 983 sanctum
870 963 914 983 oa-

134 988 223 1027 nihus,
235 994 262 1015 et
275 991 438 1027 margaritas
454 988 544 1027 porcis
561 988 668 1027 darent.
681 991 747 1023 Quae
762 998 824 1027 cum
846 991 915 1018 hanc

133 1023 280 1050 editionem
297 1023 435 1059 legeretis,
448 1023 482 1052 ab
497 1026 549 1053 illis
561 1026 786 1053 animadvertetis
801 1026 915 1053 abscon-

134 1058 222 1095 dit_a.i
242 1059 279 1086 lta
297 1058 486 1095 Hieronymus.

168 1093 279 1131 Etante
293 1095 342 1121 hos
353 1093 451 1131 omnes
469 1097 577 1131 egregie
589 1095 719 1131 Origenes
734 1095 844 1122 homilia
858 1095 870 1122 1
888 1095 915 1123 in

134 1128 317 1165 Ezecliielemt
327 1138 336 1155 ι
348 1128 498 1162 Conﬁteor,—
509 1128 608 1164 iniiuit,
619 1128 749 1163 libenter,
761 1138 776 1156 a
790 1131 915 1165 sapiente

134 1164 205 1200 lideli
221 1165 279 1191 viro
293 1164 392 1191 dictam
408 1166 580 1198 sententiam,
593 1173 674 1200 quam
687 1166 893 1200 saepe'suspicio
906 1174 913 1192 :

133 1198 171 1225 De
184 1198 238 1225 Deo
251 1199 329 1225 etiam
341 1207 401 1227 vera
414 1201 511 1232 dicere,
525 1198 669 1234 periculum
681 1198 830 1234 estCNequé
841 1201 914 1227 enim

132 1241 164 1260 ea
183 1239 287 1270 tantum
305 1234 463 1270 periculosa
480 1240 551 1268 sunt,
565 1243 624 1270 qum
640 1235 707 1263 falsa
724 1236 757 1262 de
773 1243 805 1262 eo
819 1235 915 1262 dicun-

133 1272 189 1300 tur,
207 1269 254 1295 sed
275 1269 357 1296 etiam
382 1277 441 1303 qua:
462 1278 524 1297 vera
543 1269 615 1303 sunt,
639 1275 666 1297 et
689 1278 744 1297 non
764 1277 915 1304 opportune

131 1305 318 1338 proferuntur,
341 1305 440 1340 dicenti
466 1306 616 1340 periculunt
640 1310 744 1332 creant.
767 1305 914 1339 Margarita

131 1345 195 1365 vera
211 1343 263 1372 est,
275 1347 284 1364 i
301 1343 353 1375 etc.
373 1339 404 1366 Et
418 1339 482 1374 quia
505 1341 575 1368 ratio
591 1341 648 1375 ipsa
672 1340 804 1367 naturalis
823 1340 913 1373 docet,

131 1374 359 1408 queuiadiiioduin
384 1383 436 1402 non
457 1384 553 1404 omnes
567 1377 687 1403 omnium
704 1381 769 1402 sunt
788 1382 912 1410 capaces,

132 1409 170 1436 ita
189 1416 239 1436 nec
255 1410 380 1438 omnibus
396 1411 511 1445 ingeniis
525 1411 616 1439 omnia
631 1411 795 1445 scriptorum
815 1409 913 1444 genera

131 1451 193 1471 esse
208 1446 402 1481 committenda
424 1444 471 1473 aut
489 1446 673 1481 permittenda
693 1444 795 1479 (futura
811 1445 914 1479 alioqui

131 1486 185 1506 non
200 1480 293 1513 paucis
318 1480 421 1513 fraudi,
442 1480 497 1507 non
511 1481 704 1513 emolumento)
721 1481 784 1507 hinc
803 1484 830 1507 et
851 1487 915 1514 pro-

132 1515 189 1541 l'ani
206 1514 370 1550 philosophi,
385 1516 509 1550 interque
524 1516 585 1543 illos
599 1516 678 1543 Plato
692 1520 719 1542 et
735 1515 913 1550 Porphyrius,

130 1554 160 1576 et
178 1550 234 1582 alii,
249 1551 374 1584 dogmata
397 1551 518 1578 veritatis
533 1551 713 1582 abstrusiora,
727 1550 770 1578 vel
785 1551 914 1585 mysteria

131 1586 218 1619 magis
245 1586 402 1619 recondita,
426 1586 452 1612 in
475 1586 570 1621 Vulgus
595 1585 686 1614 elferri
712 1585 784 1613 haud
812 1586 915 1621 impru-

131 1623 227 1646 denter
238 1624 389 1647 vetuerunt.
404 1620 494 1654 Quare
511 1620 660 1654 Scultetus,
674 1621 701 1648 in
716 1628 748 1648 eo
763 1620 836 1655 quod
851 1620 915 1647 Dio-

133 1656 240 1689 nysium
256 1657 441 1689 reprehendit,
458 1655 601 1683 manifeste
613 1663 641 1683 ct
658 1660 753 1683 contra
769 1655 913 1687 rationein,

132 1696 159 1726 ei
175 1694 269 1716 contra
290 1697 400 1718 onmem
421 1691 629 1726 philosophiam,
649 1695 677 1717 et
699 1694 794 1718 contra
809 1697 915 1717 sacrant

132 1725 302 1759 Scripturam
327 1725 428 1752 facere
448 1725 630 1753 convincitur.
650 1726 688 1753 Ac
713 1726 736 1752 si
768 1732 917 1759 argumen-

134 1765 191 1787 tum
207 1761 314 1796 quideni
329 1761 387 1796 ejus
403 1761 506 1796 valeret
518 1765 690 1795 sequeretur,
703 1760 833 1796 nonnulla
849 1767 915 1796 quo-

131 1803 185 1829 qne
201 1795 287 1822 sancti
304 1795 379 1831 Pauli
396 1795 479 1829 dicta,
493 1803 525 1823 ea
540 1796 667 1823 nimirum
684 1804 744 1831 quae
765 1795 916 1823 eidem'Ti‘

133 1832 242 1857 niotheo
261 1838 322 1857 cum
343 1829 408 1857 solis
425 1832 510 1859 doctis
531 1829 760 1858 communicanda
785 1832 914 1863 tradidit,

132 1874 186 1892 non
209 1872 278 1897 esse,
300 1871 347 1892 aut
365 1873 460 1899 parum
486 1871 560 1894 certe
585 1873 646 1893 esse
667 1866 825 1900 apostolica.
849 1866 915 1898 Qua:

132 1901 248 1932 audisti,
265 1901 368 1935 inquit,
384 1909 400 1927 α
415 1909 456 1928 me
478 1910 523 1936 per
539 1903 635 1928 multo:
658 1906 743 1933 testes,
765 1902 821 1930 huic
844 1910 915 1928 com-

131 1936 226 1962 menda
240 1936 362 1970 ﬁdeiibus
384 1936 544 1970 hominibus,
556 1937 601 1971 qui
616 1937 703 1964 idonei
717 1942 792 1964 erunt
806 1940 830 1963 et
846 1938 914 1964 alios

132 1974 224 2000 docere
240 1972 262 1999 ί.

170 2007 331 2034 Duodecima
352 2011 379 2034 et
393 2012 529 2041 postrema
551 2006 664 2034 Sculteti
689 2006 759 2034 ratio
773 2012 815 2034 est
838 2007 911 2036 ista:

135 2053 145 2069 ι
163 2042 312 2074 Postremo,
337 2043 439 2077 inquit,
463 2043 553 2077 prodit
575 2050 604 2070 se
627 2042 694 2069 satis
718 2042 861 2070 manifeste
886 2044 913 2072 in

133 2082 187 2105 line
211 2077 376 2104 Hieran-Ida:
397 2078 589 2110 ecclesiasticae,
614 2078 660 2105 ubi
687 2078 796 2112 inquit:
820 2079 913 2107 Sancti

132 2118 312 2147 praeceptores
330 2113 414 2140 nostri
429 2121 461 2141 ex
475 2114 590 2148 pristina
605 2113 751 2140 traditione
766 2114 855 2141 edocti
879 2115 912 2142 ad

131 2156 181 2176 tios
197 2148 362 2175 derivarunt.
373 2158 382 2174 ι

167 2183 201 2210 Ει
218 2183 275 2209 haec
289 2191 397 2220 quoque
411 2183 481 2210 ratio
496 2184 574 2212 valde
588 2184 737 2212 oscitanter
753 2184 786 2212 ab
802 2191 835 2212 eo
851 2192 914 2219 pro—

131 2220 211 2247 ducta
226 2222 277 2244 est.
302 2219 444 2246 Debuisset
458 2220 530 2247 enim
547 2220 696 2251 Scultetus,
710 2226 738 2247 et
759 2227 811 2255 qua
831 2221 864 2247 de
885 2229 914 2248 re

129 2255 167 2283 ibi
184 2259 361 2290 sei-nioesset
373 2255 492 2289 aperire,
505 2259 534 2282 et
547 2256 682 2290 quomodo
695 2255 777 2282 verba
792 2255 912 2290 Dionysii

130 2291 211 2317 aliter
223 2288 354 2323 explicari
371 2288 424 2316 non
438 2288 563 2323 possent,
571 2291 734 2323 ostendere;
749 2298 781 2317 ac
795 2288 912 2324 denique

130 2333 212 2361 quam
231 2329 306 2350 certo
330 2325 369 2357 id,
386 2327 463 2361 quod
482 2326 572 2357 vellet,
595 2326 816 2357 concluderetur,
839 2333 912 2353 coni-

129 2359 303 2388 monstrare:
321 2368 435 2394 quorum
458 2359 539 2387 homo
561 2367 655 2388 socors
670 2361 738 2388 nihil
763 2360 839 2387 fecit.
853 2362 916 2395 Agit

128 2404 195 2430 ergo
212 2395 248 2421 ibi
269 2395 414 2430 Dionysius
436 2396 470 2422 de
494 2396 630 2431 haptisnio
649 2396 845 2431 parvulorum,
867 2399 914 2423 do-

128 2436 237 2464 cetque,
258 2431 404 2465 traditione
419 2431 604 2464 apostolorum
625 2430 710 2458 licere
726 2430 855 2465 parvulos
869 2431 916 2458 ba-

127 2468 243 2501 ptizare.
260 2464 314 2492 Nec
328 2467 399 2492 enim
415 2465 526 2492 dubium
551 2467 628 2500 quin,
639 2464 848 2494 circumcisione
859 2467 915 2500 jam

127 2502 220 2528 ablata
244 2505 271 2526 et
298 2501 419 2534 abolita,
442 2501 586 2535 quaesitum
612 2502 692 2529 fuerit
719 2501 753 2528 ab
771 2503 914 2535 apostolis,

127 2538 193 2571 quid
220 2536 311 2572 pueris
332 2543 412 2570 atque
438 2536 589 2563 infantibus
608 2537 651 2572 (ut
674 2537 763 2563 solent
785 2536 861 2563 inulti
887 2538 914 2564 iii

127 2570 228 2600 tit-uella
253 2570 299 2596 illa
322 2576 349 2598 et
373 2573 431 2599 rudi
456 2577 537 2598 nitate
559 2570 722 2606 intermori)
746 2572 779 2598 ad
799 2572 914 2599 salutem

125 2609 201 2634 facto
221 2613 289 2640 opus
311 2611 393 2638 esset,
412 2608 599 2641 baptismusne
617 2608 669 2634 illis
693 2607 873 2640 adhibendus,
888 2612 915 2635 et

125 2648 266 2677 quoniouo
285 2648 292 2668 :
310 2643 482 2677 respondisse
505 2647 594 2669 autem
618 2643 767 2677 apostolos,
787 2647 814 2668 et
830 2643 915 2669 tradi-

125 2679 200 2705 tIsse
216 2677 266 2712 (uti
284 2679 363 2704 docet
379 2677 537 2712 Dionysius)
557 2678 618 2705 illos
639 2686 699 2705 esse
722 2678 913 2712 baptilandos,

125 2714 247 2740 maxime
261 2712 288 2739 in
305 2714 403 2739 mortis
416 2714 546 2747 periculo.
561 2713 614 2740 Ista
633 2719 723 2740 autem
742 2713 851 2739 traditio
867 2721 915 2740 vo-

125 2754 188 2775 cata
203 2753 244 2774 est
266 2748 300 2774 ab
323 2752 435 2784 auctore
451 2753 543 2775 nostro
561 2748 663 2784 ἀρχαία
681 2748 842 2784 παράδοσις,
862 2749 913 2776 hoc

123 2789 168 2820 est
184 2784 270 2818 primo
283 2791 329 2820 seu
343 2783 629 2820 priiitigeniairaditw.
642 2784 709 2810 Nam
722 2783 784 2811 cuni
800 2785 913 2820 ἀρχαῖος

125 2819 205 2853 plura
233 2819 386 2853 signiticet,
406 2821 464 2853 ejus
485 2818 700 2855 signiﬁcationes
721 2827 769 2854 pro
791 2818 913 2855 subjecta

127 2855 241 2890 inateria
256 2855 395 2890 capiendae
409 2860 481 2881 sunt.
498 2854 571 2882 Inter
585 2854 636 2890 alia
657 2862 721 2882 vero
743 2855 826 2890 (quod
842 2854 883 2882 vel
898 2862 913 2882 e

125 2888 237 2917 Lexicis
256 2889 361 2917 addisci
381 2889 652 2926 potestlsicutdpxﬁ
675 2888 854 2926 principium.
875 2892 912 2920 ita

168 2958 177 2979 ί
192 2957 214 2985 ιι
227 2957 298 2987 Tim.
314 2969 345 2996 ιι,
358 2961 388 2991 2.

968 327 1084 362 tiquum.
1111 327 1202 354 Potest
1227 327 1298 363 enim
1330 327 1429 361 aliquid
1455 335 1515 356 esse
1540 327 1675 363 primum,
1701 337 1753 357 nec

967 366 1058 389 tamen
1079 366 1156 389 vetus
1180 367 1227 390 aut
1241 362 1397 397 antiquum;
1415 367 1442 390 et
1464 363 1528 390 item
1541 362 1704 397 antiquum,
1725 369 1751 392 et

967 405 1020 434 non
1045 404 1105 424 esse
1128 397 1257 434 primum.
1275 397 1366 434 AVerba
1388 397 1475 434 igitur
1497 398 1618 434 Dionysii
1641 399 1674 425 de
1699 399 1750 426 ba-

965 432 1071 470 ptismo
1080 432 1253 470 parvulorum
1274 432 1491 470 lqulfnllS‘Slllli.
1512 432 1588 470 ista}
1605 434 1673 470 Περὶ
1688 434 1750 460 τού-

965 475 1011 504 mou
1022 466 1109 504 ταιξτά
1119 475 1218 504 φαμεν,
1230 467 1301 503 ἅπερ
1312 467 1466 504 ρὶβεοειδεῖς
1479 468 1557 504 ἡμῶν
1570 466 1751 504 ἱεροτὲλεσταὶ

965 502 1033 538 πρὸς
1049 502 1098 537 τῆς
1123 502 1238 539 ἀρχαιᾳς
1263 502 1409 539 μρηθὲντες
1428 502 1603 538 παρὰδᾶσεωξ
1618 505 1658 535 εἰς
1676 505 1752 539 ἡμᾶς

964 537 1188 573 προήγαγονιυε
1209 538 1255 564 illo
1276 537 1332 573 hinc
1348 537 1544 572 dicimus;un
1565 539 1647 565 divini
1661 537 1753 566 initia-

965 572 1035 599 torei
1053 572 1138 600 nostri
1153 580 1169 600 a
1185 573 1269 608 prima
1291 572 1377 600 edocti
1399 573 1542 600 traditione
1563 574 1597 600 ad
1623 581 1669 601 nos
1690 582 1752 609 pro-

964 613 1098 635 vexerunt.

1001 642 1053 669 Ista
1067 650 1149 677 porro
1163 642 1257 674 verba,
1269 641 1394 674 θεοειδεῖς
1407 642 1599 678 ἱερὸτελεσται,
1613 643 1751 677 deiformes

965 684 1013 705 seu
1028 677 1110 705 diuini
1125 678 1292 709 initiatores;
1309 682 1337 705 et
1352 685 1412 712 quae
1432 677 1513 712 paulo
1532 678 1666 710 inferius;
1685 678 1751 705 θεῖοι

965 712 1164 747 καθηγεμόνες,
1182 713 1263 740 diuini
1278 713 1369 745 duces,
1383 713 1463 741 nullis
1483 713 1580 740 melius
1595 718 1751 747 competunt

965 755 1048 782 quam
1069 748 1211 781 apostolis,
1225 755 1258 774 ac
1272 752 1414 782 propterea
1430 749 1463 776 de
1483 748 1536 776 illis
1553 748 1751 782 interpretatus

966 787 1009 810 est
1032 787 1143 810 sanctus
1160 782 1295 810 Maximus
1318 783 1345 809 in
1370 782 1488 810 Scholiis
1510 784 1544 810 ad
1565 782 1636 810 hunc
1652 783 1749 810 locum.

965 817 1081 845 Possem
1097 822 1187 845 tamen
1201 817 1284 844 etiam
1308 817 1419 852 intelligi
1435 818 1468 845 de
1488 822 1585 845 sancto
1605 817 1751 845 Hierotlieo

967 852 1023 888 (qui
1041 853 1122 879 etiam
1139 852 1260 887 Dionysii
1280 855 1431 888 praeceptor
1448 852 1508 887 fuit)
1523 857 1551 880 et
1567 853 1599 879 de
1613 852 1751 888 aliisiﬂie-

966 887 1054 915 rotliei
1076 888 1237 921 aequalibus,
1257 894 1303 914 seu
1327 887 1407 914 etiam
1428 888 1461 915 de
1475 887 1653 922 evangelistis
1676 887 1750 915 Luca

966 927 994 950 et
1016 921 1117 955 Marco,
1137 927 1184 949 aut
1204 922 1238 949 de
1258 922 1395 956 aliquibus
1412 929 1428 949 e
1444 921 1558 949 numero
1579 924 1749 957 septuaginta

968 958 1083 985 duorum
1107 956 1321 992 discipulorum,
1347 963 1365 992 e
1388 956 1487 991 quibus
1509 958 1576 985 citat
1602 956 1750 992 Dionysius

966 996 1090 1020 sanctum
1104 991 1210 1019 Justu’m
1224 999 1284 1026 cap.
1296 992 1327 1018 Η
1341 991 1380 1019 De
1395 992 1490 1018 divinis
1503 992 1663 1020 nominibus.
1673 991 1751 1020 Unde

965 1033 993 1055 et
1006 1031 1117 1055 sanctus
1133 1027 1267 1054 Maximus
1286 1027 1359 1054 beati
1376 1026 1495 1062 Dionysii
1512 1027 1615 1062 colligit
1630 1028 1750 1062 antiqui-

966 1067 1060 1090 tatem.

1001 1097 1135 1134 Si_igitur
1152 1104 1205 1134 per»
1223 1095 1284 1134 illos
1307 1096 1414 1134 divinos
1436 1096 1521 1134 duces
1543 1101 1570 1134 et
1594 1096 1750 1134 initi‘atores

966 1131 1154 1167 intelligantur
1174 1131 1345 1164 Hierotlieus,
1368 1131 1470 1163 Justus,
1491 1131 1615 1166 Antipas,
1631 1131 1660 1159 ei
1674 1132 1751 1159 simi-

965 1167 1023 1199 les,
1050 1166 1202 1193 rectissime
1231 1167 1357 1193 dicentur
1381 1166 1420 1193 illi
1448 1174 1464 1193 a
1488 1167 1576 1200 prima
1602 1167 1750 1194 traditione

965 1201 1065 1232 edocti,
1080 1201 1132 1228 hoc
1146 1205 1198 1234 est,
1214 1208 1228 1228 a
1244 1201 1388 1228 traditione
1401 1201 1585 1236 apostolorum
1598 1210 1605 1228 :
1621 1207 1670 1236 nec
1681 1209 1751 1236 opus

965 1237 1018 1264 erit
1034 1236 1068 1263 ad
1084 1236 1220 1263 Christum
1238 1243 1322 1270 usque
1344 1243 1493 1264 recurrere.
1513 1235 1559 1263 Siti
1580 1236 1630 1270 ipsi
1647 1235 1751 1263 intelli-

965 1276 1064 1306 gantur
1086 1271 1212 1306 apostoli,
1228 1275 1283 1306 tum
1299 1271 1388 1298 edocti
1414 1271 1539 1299 dicentur
1554 1278 1569 1298 a
1587 1272 1674 1306 prima
1695 1277 1750 1298 tra-

965 1304 1079 1338 ditione,
1096 1304 1148 1333 hoc
1165 1310 1218 1338 est,
1234 1313 1249 1332 a
1265 1304 1384 1338 Christo,
1406 1306 1452 1340 qui
1471 1307 1543 1340 ipsos
1569 1304 1631 1340 post
1654 1314 1750 1334 resur-

965 1342 1116 1368 rectionem
1132 1348 1219 1374 suain,
1236 1345 1265 1367 ut
1280 1341 1313 1368 de
1338 1341 1429 1368 multis
1454 1341 1525 1373 aliis,
1548 1341 1589 1369 sic
1604 1345 1630 1368 et
1648 1342 1681 1368 de
1701 1343 1751 1369 ba-

964 1376 1064 1411 ptismo
1080 1376 1158 1409 plene
1172 1376 1321 1411 edocuerit.
1338 1375 1411 1411 Nam
1420 1377 1531 1403 traditio
1547 1384 1600 1403 non
1614 1376 1647 1403 de
1667 1377 1751 1404 rebus

967 1410 1071 1438 tantum
1089 1411 1208 1445 antiquis
1232 1410 1342 1442 dicitur,
1367 1410 1413 1438 sed
1437 1411 1519 1438 etiam
1539 1412 1572 1439 de
1595 1411 1694 1438 novis:
1712 1411 1751 1438 ita

966 1451 996 1473 ut
1021 1453 1089 1473 nova
1106 1445 1209 1473 Christi
1231 1450 1368 1480 praecepta
1389 1450 1417 1473 et
1433 1445 1597 1473 documenta
1620 1447 1751 1480 apostolis

967 1481 1079 1513 tradita,
1103 1480 1148 1508 illo
1169 1481 1252 1507 etiam
1270 1481 1328 1514 ipso
1345 1487 1472 1516 tempore
1482 1489 1536 1516 quo
1560 1481 1751 1513 tradebantur,

968 1521 1041 1551 recte
1053 1516 1426 1551 revocarentuetraditiones.
1437 1515 1516 1551 567
1527 1515 1603 1544 Unde
1613 1521 1641 1543 et
1649 1516 1750 1543 Paulus

965 1550 987 1577 ll
999 1551 1119 1578 Thessal.
1136 1558 1166 1582 ii,
1177 1550 1228 1578 ﬂ:
1243 1549 1347 1585 Itaque,
1363 1549 1580 1586 fratre},_inqtiit,
1593 1555 1661 1578 uate
1678 1557 1702 1578 et
1716 1557 1752 1578 te-

965 1591 1022 1613 nete
1040 1587 1193 1612 traditione:
1209 1586 1436 1619 quas-didicistis,
1447 1594 1500 1613 sive
1521 1594 1568 1620 per
1588 1593 1730 1613 temonem
1741 1606 1748 1617 ,

965 1621 1018 1648 sive
1031 1629 1077 1655 per
1090 1620 1228 1654 epistolam
1247 1626 1373 1647 nostram.
1387 1622 1453 1653 Quae
1465 1622 1574 1655 quidem
1591 1622 1750 1648 traditiones

965 1662 1020 1691 non
1033 1660 1158 1690 poterant
1169 1662 1230 1683 esse
1243 1659 1298 1683 tam
1312 1656 1440 1691 antiquae,
1452 1664 1534 1691 quam
1547 1656 1597 1683 illm
1607 1656 1641 1683 tle
1652 1656 1751 1690 quibus

965 1690 1127 1725 loquebatur
1144 1691 1300 1725 Dionysius.

1001 1726 1137 1753 Hactenus
1152 1726 1186 1752 de
1201 1725 1314 1753 Sculteti
1331 1725 1541 1760 objectionihus.
1556 1725 1634 1753 Nunc
1651 1726 1684 1753 ad
1697 1726 1751 1753 alia

965 1761 1088 1795 quaedam
1105 1768 1165 1796 qua
1182 1761 1216 1788 ab
1232 1761 1293 1788 aliis
1309 1766 1485 1795 opponuntur
1505 1766 1552 1789 aut
1572 1761 1670 1796 apponi
1686 1769 1750 1796 pos-

965 1800 1039 1828 sunt,
1056 1795 1180 1822 nonnihil
1194 1797 1378 1823 attendamus.

1002 1832 1100 1858 Dicunt
1124 1838 1189 1865 ergo
1214 1831 1337 1866 nonnulli
1368 1837 1465 1866 parum
1488 1829 1630 1865 probabile
1647 1831 1750 1863 videri,

965 1870 1089 1901 tempore
1105 1866 1193 1893 sancti
1214 1865 1335 1901 Dionysii
1349 1865 1538 1900 Areopagitae,
1561 1867 1606 1900 qui
1629 1868 1751 1894 convixit

965 1901 1111 1936 apostolis,
1125 1906 1228 1928 tantam
1245 1902 1328 1928 fuisse
1343 1902 1566 1928 ciet-eniouiaruin
1585 1902 1611 1927 in
1628 1901 1750 1929 Ecclesia

964 1937 1168 1966 multitudinem
1179 1956 1187 1970 ,
1210 1941 1312 1972 quanta
1326 1936 1361 1963 ab
1373 1941 1486 1964 auctore
1501 1937 1600 1963 horum
1614 1936 1749 1965 librorum

964 1972 1118 2002 adducitur.
1339 1987 1341 1993 ι

1000 2007 1104 2040 Quibus
1125 2014 1175 2042 ego
1199 2006 1362 2042 respondeo.
1386 2013 1438 2034 non
1460 2005 1528 2034 satis
1542 2005 1628 2034 videri
1646 2006 1764 2035 abillis

964 2043 1149 2071 examinatum
1164 2049 1225 2070 esse
1244 2047 1327 2077 atque
1349 2049 1512 2077 perpensum
1524 2061 1532 2074 ,
1551 2049 1639 2076 neque
1654 2050 1750 2069 nume-

965 2085 1024 2105 rum
1039 2085 1132 2106 earum
1150 2080 1386 2109 caeremoniarum,
1403 2084 1490 2112 neque
1505 2077 1678 2112 qualitatem;
1695 2078 1749 2104 imo

964 2120 1015 2140 nec
1029 2115 1214 2146 apostolorum
1226 2113 1300 2140 circa
1315 2113 1375 2139 illas
1386 2111 1466 2140 olIicii
1477 2111 1597 2139 debitum
1610 2117 1691 2146 atque
1701 2120 1750 2139 cu-

965 2155 1034 2175 ram.
1052 2149 1119 2176 l‘iam
1134 2149 1168 2176 ad
1180 2156 1228 2176 eos
1241 2152 1317 2175 certe
1332 2147 1476 2182 spectavit,
1489 2147 1599 2174 abolitis
1613 2147 1750 2174 veteribus

964 2183 1109 2212 sacriﬁciis
1122 2189 1204 2218 atque
1221 2184 1318 2210 ritibus
1334 2188 1362 2210 et
1375 2182 1546 2218 caeremoniis
1556 2202 1564 2215 ,
1577 2182 1629 2208 alia
1644 2182 1750 2210 sacriﬁ-

964 2219 1018 2250 cia,
1030 2220 1100 2246 ritus
1114 2225 1140 2247 et
1153 2217 1331 2246 caeremonias
1341 2219 1384 2245 vel
1399 2224 1415 2243 a
1427 2217 1535 2245 Christo
1550 2218 1672 2244 instituta
1684 2225 1749 2252 pro-

964 2261 1062 2281 curare
1076 2260 1106 2281 ut
1121 2255 1227 2287 tierent,
1245 2253 1287 2280 vel
1300 2260 1356 2281 sua:
1370 2252 1463 2280 relicta
1480 2252 1662 2286 dispositioni,
1677 2260 1749 2287 prie-

965 2289 1058 2316 sertini
1081 2291 1152 2323 quod
1166 2289 1199 2315 ad
1215 2289 1282 2315 ritus
1298 2288 1529 2322 ciereinoniasque
1543 2289 1657 2320 attinet,
1671 2288 1750 2315 insti-

967 2328 1054 2350 tuere.
1075 2324 1130 2352 Nec
1143 2325 1216 2352 enim
1233 2329 1288 2351 tam
1309 2324 1377 2350 bene
1388 2328 1526 2356 constare,
1544 2324 1667 2357 tantique
1689 2325 1749 2350 lieri

966 2366 1010 2386 res
1023 2367 1116 2387 sacras
1130 2361 1234 2394 absque
1247 2359 1427 2391 caeremoniis,
1438 2366 1519 2393 quam
1537 2364 1597 2385 cum
1612 2359 1675 2392 illis,
1692 2362 1750 2385 tam

966 2402 1000 2421 ex
1014 2395 1073 2429 ipso
1090 2393 1388 2427 Vetere’Testamento,
1408 2401 1490 2428 quam
1507 2400 1541 2420 ex
1557 2394 1674 2428 Spiritus
1686 2401 1750 2420 san-

965 2431 1004 2457 eti
1022 2431 1151 2458 unctione
1163 2430 1220 2465 (qui
1238 2430 1312 2464 ipsos
1326 2429 1419 2456 omnia
1433 2429 1536 2464 docuit)
1549 2430 1634 2463 probe
1647 2429 1750 2456 didice-

966 2469 1037 2492 rant.
1054 2465 1087 2492 Et
1101 2467 1134 2493 de
1149 2472 1242 2493 earum
1257 2464 1430 2491 multitudine
1450 2465 1515 2498 quid
1535 2465 1638 2491 frustra
1658 2469 1687 2492 et
1699 2465 1751 2491 ini-

965 2501 1063 2527 nierilo
1092 2500 1249 2536 arguimur?
1280 2506 1342 2526 cum
1370 2506 1497 2536 nuinei'o_
1517 2500 1575 2526 fere
1604 2500 1749 2527 innumero

965 2536 1056 2570 plures
1071 2537 1097 2563 in
1115 2534 1199 2564 veteri
1215 2535 1286 2570 Lege
1302 2542 1350 2569 per
1364 2542 1446 2561 unum
1472 2534 1598 2570 Moysen,
1620 2542 1702 2569 quam
1722 2536 1751 2562 in

966 2569 1036 2598 iiova
1057 2579 1105 2606 per
1116 2571 1261 2598 duodecim
1275 2569 1516 2606 quatuordecimve
1528 2572 1667 2604 apostolos
1684 2579 1751 2598 con-

965 2605 1066 2634 stitutre
1081 2608 1146 2634 sint.
1170 2606 1263 2640 Neque
1286 2611 1374 2632 tamen
1397 2605 1472 2632 illum
1496 2609 1552 2632 tam
1575 2605 1750 2633 familiariter

964 2649 1026 2668 cum
1047 2643 1144 2676 angelo
1158 2646 1297 2669 versatum
1319 2648 1380 2668 esse
1396 2641 1580 2674 crediderim,
1602 2648 1682 2674 quam
1699 2641 1750 2668 hos

964 2684 1027 2704 cuni
1050 2678 1178 2705 Christo:
1194 2683 1281 2711 neque
1306 2682 1399 2710 tanta,
1434 2676 1500 2703 item
1520 2676 1640 2710 Spiritus
1662 2676 1749 2703 sancti

964 2713 1062 2747 gratia,
1079 2720 1161 2748 quam
1174 2711 1394 2745 eosdem,_l‘uisse
1408 2712 1560 2747 perfusum.

999 2749 1076 2775 Adde
1088 2746 1171 2782 porro
1186 2756 1231 2775 eas
1242 2746 1432 2779 t-azreiiionias,
1449 2754 1509 2781 quat
1527 2754 1542 2773 a
1559 2746 1690 2782 Dionysio
1702 2748 1748 2775 de-

963 2784 1072 2818 scriptae
1089 2789 1161 2815 sunt,
1177 2790 1237 2811 esse
1250 2789 1364 2810 numero
1376 2789 1526 2817 perpaucas
1535 2801 1543 2814 ,
1555 2787 1582 2808 et
1595 2783 1748 2816 aliquorum

964 2821 1098 2846 duntaxat
1112 2824 1355 2849 sacramentorum,
1370 2826 1421 2844 non
1438 2818 1572 2849 omnium,
1587 2822 1614 2844 et
1625 2825 1673 2844 eas
1685 2820 1749 2852 qui-

964 2855 1044 2889 dem,
1069 2859 1098 2881 ut
1120 2855 1175 2882 illis
1200 2855 1286 2881 iititiis
1297 2874 1305 2886 ,
1321 2854 1468 2888 perbreves
1489 2857 1516 2879 et
1533 2853 1678 2888 perl'aciles
1694 2862 1701 2880 :
1718 2858 1749 2879 ut

963 2890 1129 2920 venerabilis
1142 2890 1325 2923 eucharistiae,
1339 2894 1367 2916 et
1376 2895 1516 2917 sacrorum
1531 2890 1676 2921 ordinum;
1690 2890 1737 2924 qui
1749 2906 1750 2909 η
