1929 3092
173 212 227 241 9'25

640 211 671 240 Ρ.
684 210 835 239 HALLOIX
856 208 929 239 SOC.
946 209 1029 239 JESU
1049 208 1280 244 ρυΑεετιοΝεε
1299 208 1343 238 IV.

1745 210 1798 239 926

177 272 266 299 lorum
279 270 424 305 Epistolis:
440 271 485 299 ubi
497 271 559 299 vita:
572 271 735 300 Christiana:
768 271 880 299 erl‘ectio
892 278 959 298 con—

178 307 281 334 tinetur
296 311 324 333 et
338 307 556 334 commendatur.
574 307 641 334 sive.
659 314 721 334 cum
745 280 873 334 (Ethristus
887 314 959 334 aute-

1012 272 1102 303 πικοῖς
1119 271 1244 299 κάλλεσιν
1255 291 1262 304 ,
1289 270 1347 298 ἀλλ’
1372 269 1480 301 ἑνιαιοις
1506 269 1553 296 καὶ
1571 272 1696 307 μσναχοῖς
1712 274 1751 305 εις
1767 276 1798 303 τὸ

1014 307 1214 334 θεοειδέστατον
1224 306 1404 334 ἀναγομένην.
1423 304 1584 334 Capi/lorum
1603 312 1691 333 anteiit
1706 310 1798 334 deton-

178 307 281 334 tinetur
296 311 324 333 et
338 307 556 338 commendatur,
574 307 641 339 sive.
659 314 721 334 cum
745 307 873 334 Christus
887 314 961 340 qua:-

178 341 247 368 renti
260 344 293 368 de
308 342 363 368 vita
379 347 482 369 aeterna
509 342 674 369 adolescenti
702 341 861 376 respondit:
879 341 910 369 Si
924 341 962 368 vis

176 376 306 410 perfectus
321 384 386 408 esse,
398 378 474 410 vade,
494 378 574 404 vende
586 385 644 411 quw
665 377 754 408 habes,
770 381 793 403 et
812 376 846 402 da
862 384 963 411 paupe-

178 412 262 442 ribus,
275 416 300 438 et
313 411 420 438 habebis
432 412 585 439 thesaurum
602 412 629 438 in
641 414 703 438 caelo
715 420 725 439 .'
735 416 759 438 et
778 412 843 442 veni,
856 419 963 445 sequere

177 449 258 473 me".
277 445 310 473 El
326 454 388 473 cum
410 446 551 481 discipulis
571 447 661 474 dixit:
676 447 746 474 Sunt
768 446 900 479 eunuchi,
917 446 962 481 qui

177 490 204 508 se
221 489 290 515 ipso:
309 487 486 509 castraverunt
504 488 609 515 prupler
624 490 730 516 regnum
752 482 886 508 rwiorum.
910 481 962 514 Qui

176 522 258 549 potest
279 524 388 548 capere,
402 517 488 551 capiat
501 521 526 543 η.
545 517 608 544 Sive
624 525 686 544 cum
710 516 808 543 Paulus
825 517 858 542 ad
877 516 962 543 casti—

177 551 297 578 moniam
319 551 467 578 adhortans
489 553 548 578 ait:
570 551 633 579 Volo
652 556 740 579 autem
765 559 808 578 nos
828 551 883 578 sine
908 551 963 577 sol-

177 586 313 612 licitudine
335 594 401 613 esse.
428 587 480 619 Qui
511 595 592 614 uxore
617 592 674 619 est.
693 586 820 613 sollicitus
843 591 880 612 est
902 593 961 620 quis:

176 622 355 657 ﬁtillumulldi,
369 624 499 655 quomodo
515 624 616 657 placeat
631 622 720 652 uxori,
733 626 757 648 et
772 620 870 657 divisus
885 626 922 648 est
936 624 959 657 (ξ.

177 655 217 683 Ex
240 655 284 683 illo
310 655 382 683 enim
410 655 550 691 tempore.
570 658 646 684 velut
673 656 765 683 audito
789 655 962 691 perfectioris

177 691 240 717 vita:
258 691 373 718 classico
392 697 419 718 et
442 692 588 726 apostolica
604 692 742 719 castitatis
767 692 831 718 tuba
849 697 960 718 cuncto-

177 733 238 762 rum
256 727 369 753 auribus
389 727 544 759 insonante,
557 727 667 762 plurimi
680 728 713 754 ad
729 726 961 762 castiinoniaiiiet

176 761 240 788 vine
259 762 405 796 puritatem
421 769 436 788 a
457 761 627 789 saecularium
649 762 817 796 negotiorum
844 761 959 787 tumultu

177 800 311 823 secretam
327 798 492 832 aspir-avere.
512 797 592 832 572
611 797 697 831 Quam
713 797 759 831 qui
782 801 895 832 externo
911 796 960 832 haf

176 831 235 858 bitu
249 836 276 858 et
288 831 457 865 professione
472 830 591 860 ecf—Iniu—
598 830 734 859 faciebant
744 852 752 864 ,
768 831 894 858 monachi
916 830 959 858 vel

176 867 297 893 cultores
312 866 535 901 appellabantur;
551 868 597 894 alii
611 872 698 894 autent
717 871 820 894 tantum
839 865 958 893 caelibes.

175 901 208 928 Et
233 902 329 928 horum
345 902 454 935 quidem
475 902 600 929 caelibum
628 903 656 929 in
678 907 793 936 utroque
815 908 880 928 sexu
905 908 958 927 non

176 943 325 971 paucorunt
340 936 523 964 meminerunt
545 938 658 964 secundi
683 937 774 964 δαιιήιί
796 936 956 970 scriptores,

176 976 207 998 ut
224 976 320 998 notant
335 971 368 998 ad
383 971 471 999 Vitam
496 971 526 999 S.
539 971 638 999 Justini
655 971 817 1007 philosophi.
832 971 956 1007 Priorum

175 1010 278 1042 autem,
294 1006 352 1033 sive
368 1008 563 1034 monachorum
579 1006 661 1042 (quia
671 1006 774 1034 scilicet
789 1006 857 1033 nihil
869 1006 959 1041 genti—

175 1041 240 1068 lium
257 1041 406 1074 iiitererat,
422 1047 516 1069 contra
531 1041 606 1077 quos
623 1042 862 1077 scribebanttcos
878 1048 959 1069 nosse

175 1077 219 1103 vel
244 1076 310 1103 tales
335 1077 403 1103 ritus
419 1077 501 1111 scire)
526 1076 578 1104 non
597 1078 789 1104 meminerunt.
805 1076 871 1103 Nam
892 1077 959 1103 satis

175 1111 313 1139 habebant
325 1112 484 1143 ostendere,
497 1111 667 1140 Christianos
694 1119 748 1139 non
763 1118 824 1138 esse
838 1112 959 1145 impuros

175 1153 204 1173 et
216 1148 344 1177 incestos.
357 1147 583 1181 quemadmodum
601 1148 651 1182 ipsi
673 1154 719 1174 eos
731 1147 958 1174 criminabantur.

175 1182 254 1209 ltitus
273 1187 364 1209 autem
380 1183 560 1210 consecrandi
578 1183 759 1214 monachum,
784 1187 813 1208 ut
829 1182 875 1208 illo
895 1187 959 1208 tein-

175 1224 252 1251 pore,
270 1217 314 1243 hic
330 1221 371 1244 est
387 1226 395 1244 ς
418 1218 553 1245 Sacerdos
570 1223 634 1245 ante
655 1220 741 1244 altare
755 1223 846 1245 certas
861 1224 958 1250 prcca-

177 1253 264 1288 tioiies
286 1259 335 1286 pro
347 1253 544 1285 consecrando,
560 1255 605 1288 qui
622 1259 682 1287 post
697 1253 774 1279 illum
788 1258 879 1279 rectus
892 1256 958 1284 stat,

175 1287 210 1313 ad
228 1286 312 1313 Deum
327 1289 446 1322 spargit;
463 1286 676 1321 quibus'ilnitis,
689 1288 722 1315 ad
737 1295 798 1314 eum
810 1307 817 1318 .
830 1288 875 1321 qui
890 1294 958 1313 con-

174 1322 324 1349 secrandus
343 1328 403 1354 est,
417 1330 566 1351 conversus
588 1323 671 1358 petit,
693 1330 727 1349 an
744 1323 825 1349 rebus
845 1329 874 1358 et
886 1322 959 1348 curis

174 1358 353 1394 saecularibus
366 1359 488 1385 nuntium
501 1357 636 1391 remittat;
648 1363 774 1394 oportere
783 1358 854 1384 enim
869 1357 958 1394 ipsum

175 1392 260 1419 vitam
278 1393 382 1426 reliquo
395 1394 494 1428 populo
508 1392 697 1427 perfectiorem
711 1393 871 1419 instituere:
885 1392 957 1426 quod

174 1427 327 1461 professum
340 1427 533 1464 fo_rma’crucis
545 1430 653 1464 signat,
668 1429 814 1462 tondctque
835 1428 959 1454 invocata

174 1463 352 1490 sanctissima
365 1462 508 1495 Triiiitate,
524 1470 552 1491 et
563 1462 649 1492 veteri
664 1468 776 1491 exutum
789 1467 874 1496 veste,
889 1470 959 1489 nova

174 1496 274 1531 induit,
291 1498 409 1530 salutat,
424 1504 453 1526 et
465 1506 527 1526 cum
543 1499 589 1526 illo
607 1499 652 1526 alii
668 1499 718 1525 viri
740 1498 824 1530 sacri,
837 1506 870 1525 ac
884 1503 960 1532 post-

175 1539 251 1559 I’CIIIO
265 1540 344 1560 sacra
358 1535 550 1562 communione
564 1536 659 1562 donat.

209 1567 249 1594 En
264 1570 354 1604 omnis
370 1568 448 1600 ritus.
464 1577 575 1604 propter
587 1577 668 1604 quem
679 1588 686 1600 ,
699 1568 776 1603 quasi
797 1567 842 1595 illo
858 1567 958 1596 saeculo

175 1603 374 1638 recentiorem,
392 1608 473 1631 tanta:
493 1603 602 1632 scilicet
620 1605 753 1631 adversus
769 1604 873 1638 scripta
895 1604 960 1631 Dio-

174 1637 245 1672 nysii
269 1639 354 1666 turba:
377 1640 547 1666 concitandae
560 1645 636 1666 sunt.
654 1640 724 1672 Quid
745 1645 812 1666 vero
830 1637 914 1665 unum
932 1639 959 1666 iit

175 1673 229 1709 his,
246 1680 307 1707 quae
327 1674 399 1700 dicta
416 1679 491 1706 sunt,
502 1675 637 1709 assignari
656 1678 755 1709 potest,
767 1673 840 1708 quod
857 1674 890 1701 ab
906 1674 960 1700 iiii-

175 1708 215 1735 tio
229 1715 284 1735 non
300 1709 395 1741 fuerit,
404 1714 451 1735 aut
463 1717 523 1737 esse
537 1708 590 1736 non
607 1708 748 1737 debuerit?
759 1710 801 1735 An
816 1716 868 1735 non
880 1715 960 1743 opor-

176 1743 228 1770 tuit
240 1751 299 1777 eos,
312 1744 411 1778 quibus
427 1745 499 1772 inter
516 1752 684 1779 congeneres
702 1744 786 1771 laicus
798 1744 898 1771 virtute
910 1752 958 1772 ex-

174 1779 291 1805 celleiidi
311 1780 432 1806 studium
455 1780 506 1807 fuit
518 1799 526 1812 ,
543 1788 597 1814 quo
612 1785 640 1807 et
653 1780 714 1806 aliis
735 1779 915 1814 praelucerent
928 1787 961 1807 ac

175 1814 246 1840 velut
258 1813 331 1841 faces
343 1816 377 1841 ad
390 1815 433 1842 sui
447 1813 627 1843 imitationem
644 1813 824 1842 accenderent
835 1833 844 1846 ,
859 1815 955 1849 aliquo

173 1850 453 1877 extrinsecus-habitu
473 1855 502 1878 et
523 1851 640 1877 instituti
659 1851 700 1877 sui
726 1850 960 1877 demonstratione

173 1885 321 1920 distingui?
337 1884 404 1912 Nam
427 1890 456 1913 et
479 1891 622 1920 propterea
647 1886 784 1913 variorum
807 1890 960 1918 temporum

172 1920 208 1946 ad
221 1921 292 1947 hanc
306 1928 392 1954 usque
403 1925 512 1949 aetatem
527 1928 668 1954 successu,
680 1926 719 1948 tot
733 1928 766 1947 ac
780 1925 834 1946 tam
850 1921 919 1946 varii
932 1924 961 1947 et

173 1955 284 1991 habitu,
299 1960 326 1982 et
347 1956 470 1984 moribus
492 1961 520 1984 et
544 1957 648 1991 regulis
668 1956 791 1984 distincti
817 1956 958 1982 hominum

175 1990 362 2025 religiosorum
380 1993 491 2019 ordines
504 1999 557 2020 non
580 1990 661 2019 ittodo
675 1993 709 2019 ad
725 1990 855 2018 Ecclesiae.
869 1990 960 2025 splen-

173 2029 267 2052 dorem
291 2031 373 2060 atque
390 2032 601 2060 ornamentum,
624 2028 673 2054 sed
697 2027 731 2053 ad
750 2025 871 2060 ejusdem
897 2033 960 2060 per-

173 2067 299 2094 magnam
316 2068 424 2096 quoque
437 2063 583 2090 utilitatem
596 2062 725 2089 suscitati
747 2066 822 2089 sunt.
838 2062 915 2094 Quod
935 2061 960 2088 si

172 2095 274 2122 bonum
288 2096 348 2130 Ιύιι,
365 2095 455 2131 aliqua
469 2099 496 2124 in
512 2098 610 2132 populo
627 2098 700 2124 velut
716 2097 860 2123 luminaria
873 2096 959 2123 collu-

173 2138 256 2162 cere,
274 2135 357 2165 atque
376 2134 410 2160 ab
426 2133 489 2160 aliis
500 2133 647 2168 distingui;
663 2132 762 2160 utelius
776 2133 917 2166 magisque
932 2139 959 2158 iii

173 2171 300 2201 promptu
323 2167 436 2194 formari
452 2176 484 2195 ea
507 2167 645 2195 distinetio
667 2168 770 2202 potuit,
787 2174 869 2201 quam
885 2171 912 2193 et
932 2167 959 2193 in

172 2203 330 2238 attonsione
352 2209 494 2230 comarum
520 2204 568 2238 (in
590 2203 690 2238 quibus
713 2203 865 2238 praesertim
887 2202 960 2237 apud

171 2237 353 2273 Athenienses
373 2239 444 2273 apud
459 2237 529 2273 quos
540 2237 633 2273 prima:
650 2244 677 2265 et
693 2237 891 2272 antiquissimae
907 2245 958 2265 no-

171 2272 287 2299 bilitatis
302 2279 352 2306 per
365 2272 499 2307 impletas
513 2272 636 2301 crinibus
651 2281 750 2301 aureas
761 2274 868 2300 cicadas
882 2281 959 2300 ano-

171 2313 254 2342 gutta,
266 2309 344 2338 signa
360 2309 449 2336 futtlta
463 2310 638 2343 eminebant)
653 2315 681 2336 et
701 2309 728 2336 in
748 2316 853 2343 pompa:
865 2309 961 2335 luxus-

172 2351 227 2378 que
237 2343 353 2370 vesiium
368 2345 551 2378 depositione,
561 2345 608 2372 ubi
622 2346 680 2371 lere
695 2345 833 2371 hominum
851 2349 960 2370 terrena

171 2383 200 2405 et
220 2381 323 2405 caduca
345 2381 510 2407 sectantium
533 2388 603 2407 vana
626 2387 657 2407 se
682 2379 772 2413 jactat
799 2379 962 2406 insolentia?

172 2414 251 2441 littus
263 2419 354 2442 autent
370 2419 397 2441 et
412 2417 593 2447 caremonite,
608 2422 677 2449 quas
689 2415 834 2449 DionysiUs
845 2415 961 2441 Athenis

171 2455 263 2486 natus,
276 2454 304 2476 et
316 2451 430 2478 Athenis
445 2451 524 2478 datus
537 2452 683 2486 episcopus
698 2450 782 2477 refeit
792 2469 800 2482 ,
822 2451 858 2476 ibi
877 2454 961 2484 potis-

171 2485 270 2512 siiitutit
282 2491 328 2512 aut
345 2490 415 2512 natat
430 2492 477 2513 aut
493 2485 679 2514 corroborata).
693 2493 752 2512 inea
764 2486 874 2518 qutdetit
896 2493 960 2512 sen-

172 2520 256 2547 tentia
277 2521 415 2548 videntur.
434 2523 580 2556 Accepisse
604 2522 677 2548 enim
693 2528 708 2546 a
722 2521 806 2547 Paulo
822 2525 849 2546 et
865 2520 961 2547 lliero-

172 2557 245 2588 theo,
261 2564 308 2589 qm
324 2557 360 2583 ibi
379 2555 611 2590 praedicaverunt,
626 2561 654 2583 et
669 2563 737 2590 quos
752 2555 960 2592 καθηγεμόνας,

171 2593 197 2618 id
209 2597 252 2618 est
265 2595 348 2619 duces
363 2599 426 2619 suos
438 2597 466 2619 et
487 2597 668 2627 praeceptores
682 2592 801 2626 appellat
811 2612 818 2624 ,
835 2595 960 2618 credide-

171 2635 234 2653 rim.
259 2627 336 2654 Adde
358 2634 550 2655 caeremoniam
577 2629 710 2654 tonsioins
730 2634 788 2653 sive
809 2627 926 2654 rasionis
946 2633 962 2653 e

173 2662 270 2689 Vetere
294 2661 487 2695 Testamento,
504 2664 575 2691 sicut
598 2663 666 2690 alias
688 2663 849 2694 nonnullas,
873 2663 961 2688 vnleri

170 2698 339 2729 dei-iratam;
363 2699 411 2724 sed
441 2706 551 2725 causam
585 2704 612 2725 et
642 2698 869 2733 signiﬁcationem
898 2706 959 2724 esse

170 2741 243 2765 eam,
258 2741 339 2767 quant
361 2733 405 2760 hic
418 2735 502 2760 refert
514 2735 541 2761 in
560 2735 798 2767 Cotietnptatione
813 2733 958 2768 D.onysius

171 2769 248 2795 hisce
264 2771 354 2805 verbis
364 2778 373 2794 ς
388 2768 419 2795 Ἡ
436 2769 465 2795 δὲ
482 2769 535 2795 τῶν
552 2769 652 2805 τριχίυν
664 2768 821 2805 ναπὸχαρσις
832 2767 959 2805 ὲμφαζνξι

169 2804 218 2839 τὴν
236 2803 360 2839 καθαρὰν
376 2804 422 2830 καὶ
439 2803 643 2840 ἀσχημάτιστον
660 2804 750 2839 ζωὴν,
763 2803 825 2830 οὐκ
846 2803 961 2831 επιπλά-

171 2847 243 2871 στοις
268 2844 390 2876 σχήμασι
414 2840 444 2867 τὸ
470 2839 541 2867 sata
564 2839 774 2876 νοῦννδυσειδὲς
800 2839 961 2871 meum;

171 2875 408 2909 καλλωπιζουσανο
426 2876 483 2904 ἀλλ’
498 2875 584 2912 αὐτὴν
601 2875 644 2910 ἐφ’
661 2876 762 2910 ἑαυτῆς
785 2876 836 2902 οὐκ
856 2876 962 2912 ἀνορω-

1014 307 1214 334 θεοειδέστατον
1224 306 1404 341 ἀναγομένην.
1423 304 1584 339 Capi/lorum
1603 304 1691 333 autem
1706 304 1798 337 deton-

1013 343 1055 370 sio
1065 350 1160 376 puram
1176 350 1222 369 nec
1235 342 1353 376 [ueniant
1366 341 1445 376 vitam
1462 341 1598 376 declarat,
1620 349 1672 372 non
1689 343 1796 376 ﬁctilia.

1013 375 1072 403 runt
1087 375 1240 411 ﬁyurarumr
1255 376 1404 410 adjectione
1424 375 1619 411 deformitatem
1638 375 1732 404 mentis
1746 381 1799 406 ad-

1013 410 1151 439 ornantem
1162 433 1170 444 ,
1187 412 1233 438 scd
1247 413 1329 446 ipsam
1345 411 1373 437 in
1386 418 1413 437 se
1426 410 1484 444 ipsa
1494 431 1502 443 ,
1526 418 1577 437 non
1600 410 1731 444 humana,
1750 415 1796 442 sed

1013 447 1145 482 singulari
1156 451 1181 473 et
1198 447 1276 473 unica
1286 446 1496 480 pulchritudine,
1508 446 1543 472 ad
1559 445 1587 472 id
1601 447 1671 481 quod
1685 447 1796 476 divinis-

1013 482 1108 509 simum
1126 486 1176 514 est,
1198 482 1382 508 adducentem.
1666 506 1670 511 η

1048 517 1115 544 Nota
1135 517 1210 554 item,
1230 518 1264 543 de
1279 515 1394 550 simplici
1410 515 1534 554 tonsione
1546 515 1620 551 loqui
1633 516 1677 544 hic
1686 517 1796 554 tDiony-

1013 552 1095 584 sitim,
1113 559 1167 579 non
1187 553 1222 578 de
1242 556 1365 582 tonsura,
1379 555 1408 577 ut
1426 550 1482 584 jam
1503 550 1662 585 loquuntur,
1675 550 1794 581 clericali

1012 593 1058 614 aut
1074 586 1225 614 monachali
1242 587 1268 614 in
1287 593 1394 613 coronae
1407 585 1525 616 modum,
1537 587 1642 613 tametsi
1657 588 1698 614 illa
1712 589 1794 616 etiant

1012 623 1122 658 antiqua
1142 622 1236 658 (unde
1260 626 1288 648 et
1307 621 1455 658 antiquitas
1473 621 1608 658 horumce
1628 623 1794 656 scriptorutn

1013 655 1187 692 intelligitur)
1201 661 1229 683 et
1240 664 1289 692 per
1303 657 1384 693 verba
1397 655 1457 693 illa,
1471 655 1648 693 ξιτιπλάστοις
1662 655 1793 693 σχήμασι,

1011 690 1111 727 [ἱειὶιίἰὲ
1119 692 1222 727 ﬁguris,
1235 690 1260 719 et
1268 690 1439 722 ὲπιθετικῶς,
1448 691 1583 724 adjective,
1593 690 1795 726 prorsus'videri

1012 728 1147 761 respicere
1165 728 1198 754 ad
1219 734 1313 754 comas
1336 727 1562 762 Atheniensium,
1585 735 1653 760 quas
1667 729 1794 762 adjectis,

1012 767 1041 789 ut
1054 760 1108 789 dixi
1121 762 1213 789 aureis
1225 762 1327 789 cicadis
1337 761 1516 788 adornabant.
1531 760 1568 786 De
1583 763 1680 796 quibus
1691 760 1796 792 cicadis

1011 805 1060 832 ago
1077 798 1199 832 pluribus
1214 798 1240 824 in
1258 797 1446 824 notationibus
1461 797 1493 822 ad
1508 796 1597 824 Vitam
1620 798 1706 824 sancti
1732 799 1795 825 Ilie-

1011 831 1110 860 rothei.
1132 833 1173 859 Ad
1186 833 1272 860 vestis
1292 839 1373 866 porro
1390 831 1566 858 nmtationem
1583 833 1656 865 quod
1678 834 1794 866 attinet,

1009 874 1043 894 ex
1062 868 1215 895 imitatione
1231 867 1373 894 descendit
1395 866 1619 893 ςωι-θιηοιιιιιι-ιιιιι
1647 868 1795 902 baptisma-

1013 903 1059 934 tis.
1075 903 1113 929 uti
1125 903 1220 930 eodem
1232 902 1293 929 loco
1308 902 1428 938 insinuat
1439 902 1720 938 satictiispionysius.
1730 904 1794 931 dum

972 950 995 979 Β
1010 938 1050 964 sic
1062 938 1158 978 scribit
1173 946 1180 964 :
1203 938 1236 964 'H
1252 937 1279 964 δὲ
1294 937 1344 978 3';
1361 937 1497 972 προτέρας
1522 935 1643 972 ὲσθῆτοξ
1659 938 1794 979 ἀποϐολῇ,

1010 973 1056 999 καὶ
1081 981 1130 1007 της
1155 973 1253 1007 ἑτέρας
1277 946 1356 1007 hiat;
1373 972 1421 1007 τὴν
1437 972 1492 998 ἀπὸ
1510 972 1595 1007 μέσης
1621 973 1794 1007 ἱερᾱςζωης

1010 973 1056 1014 ξεαὲ
1081 973 1130 1014 τῆς
1155 972 1356 1014 tepescit!“
1373 972 1421 1014 τὴν
1437 972 1492 1014 δεπδ
1508 972 1595 1014 μέσης
1621 972 1796 1014 ίερέςμςωῆς

1009 1008 1056 1045 ἐπ).
1079 1007 1129 1045 τῂν
1151 1007 1317 1045 τελέωτέραν
1340 1007 1485 1045 μετάταξιν
1498 1007 1796 1045 Αὲμφαζνειζκαθάπέρ

1009 1044 1055 1069 ἐπὶ
1078 1042 1128 1078 τῆς
1153 1044 1228 1079 ἱερᾶς
1253 1042 1425 1079 θὲογενεσίας
1448 1044 1465 1078 ἡ
1481 1042 1532 1079 τῆς
1546 1042 1659 1079 ἐσθῆτος
1684 1042 1796 1079 ἄμειψιξ

1009 1077 1167 1115 ἐδήλουντὴν
1179 1077 1237 1115 ’ἀπὸ
1255 1077 1463 1115 καθαιρομένης
1480 1077 1553 1115 ζῳῆς
1569 1078 1609 1110 εὶς
1625 1077 1796 1115 θεωρήτιιὲὴν

1009 1088 1102 1140 εοτὶλου
1118 1088 1167 1114 την
1183 1088 1237 1105 am
1255 1088 1455 1114 καυαιρομενης
1480 1088 1553 1112 εωης
1569 1088 1609 1110 εις
1625 1088 1796 1115 οεωρητικην

1009 1123 1044 1141 κα
1073 1113 1240 1149 φωτιατικὴν
1256 1114 1312 1146 ἓξιν
1336 1114 1491 1148 ἀναγωγήν.
1502 1111 1603 1149 Priori;
1617 1118 1705 1140 autem
1719 1121 1796 1141 vestis

1011 1147 1124 1184 objectio
1133 1154 1156 1175 et
1171 1147 1281 1176 ulterius
1296 1149 1443 1181 assumptio
1454 1147 1647 1184 traductionem
1659 1148 1795 1183 signiﬁcat

1009 1193 1025 1210 (ι
1040 1182 1126 1211 media
1142 1192 1219 1210 sacra
1237 1184 1290 1211 vita
1310 1185 1344 1210 ad
1356 1183 1550 1217 perfectionem.
1566 1182 1796 1214 Quemadmodum

1009 1220 1037 1246 in
1049 1227 1126 1246 sacra
1142 1220 1336 1253 regeneratioue
1355 1219 1431 1245 vestis
1447 1218 1570 1249 mutatio,
1584 1218 1642 1244 niue
1653 1238 1660 1250 ,
1674 1227 1732 1252 qua:
1750 1227 1797 1246 ea:-

1009 1255 1142 1289 piabatur,
1159 1254 1348 1281 subvectionem
1361 1254 1394 1280 ad
1410 1258 1508 1289 statum
1523 1253 1749 1286 contemplationis
1766 1260 1794 1281 et

1010 1289 1214 1316 illuminationis
1233 1289 1441 1316 demonstrabat.
1471 1288 1510 1315 De
1533 1289 1656 1315 tonsiotte
1677 1289 1796 1323 denique

1010 1325 1206 1351 monachorum
1218 1345 1225 1358 ,
1245 1324 1303 1350 sive
1325 1331 1421 1351 eorum
1433 1342 1441 1354 ,
1455 1323 1503 1355 qui
1519 1323 1667 1357 perfectius
1687 1331 1718 1358 ac
1733 1332 1796 1350 san-

1011 1361 1082 1386 ctius
1095 1359 1199 1385 vivendi
1211 1366 1297 1394 genus
1307 1358 1513 1393 profiterentur,
1523 1358 1598 1394 quod
1607 1359 1662 1385 dixi
1676 1367 1691 1386 θ
1699 1357 1796 1387 Vetere

1010 1394 1186 1426 Testamento
1200 1393 1354 1421 derivatum
1369 1415 1375 1426 ,
1390 1394 1479 1420 habeo
1495 1393 1560 1419 niilti
1577 1394 1795 1427 patrocinantent

1010 1430 1141 1456 Isidoruin
1167 1428 1351 1463 Hispalensem
1367 1429 1524 1463 episcopum
1535 1447 1543 1460 ,
1561 1428 1629 1454 libro
1646 1428 1682 1455 De
1696 1430 1793 1456 divinis

1010 1465 1101 1500 ofﬁciis
1113 1485 1121 1497 ,
1135 1464 1183 1500 ubi
1208 1465 1266 1491 haec
1291 1463 1387 1500 scribit
1402 1472 1409 1489 :
1428 1471 1438 1488 ι
1453 1463 1583 1490 Tonsurae
1600 1464 1793 1491 ecclesiastica:

1010 1499 1078 1527 usus
1092 1508 1107 1526 a
1119 1499 1273 1532 Nazarmis,
1291 1500 1317 1526 ni
1339 1499 1434 1530 fallor,
1448 1503 1560 1525 exortus
1574 1504 1633 1530 est,
1655 1499 1701 1531 qui
1719 1501 1793 1532 prius

1010 1536 1088 1562 crine
1108 1540 1234 1566 servato.
1251 1535 1339 1562 denuo
1359 1538 1419 1568 post
1435 1541 1561 1568 magnam
1581 1534 1641 1560 vita:
1653 1535 1797 1562 continett-

1011 1569 1094 1603 tiam,
1118 1570 1263 1597 devotione
1280 1570 1414 1604 completa
1426 1588 1433 1601 ,
1448 1574 1529 1604 caput
1542 1568 1685 1601 radebant,
1702 1575 1730 1596 et
1749 1577 1798 1597 ca-

1011 1605 1090 1639 pillos
1103 1605 1129 1642 in
1142 1605 1232 1639 ignem
1246 1604 1374 1642 sacrificii
1387 1611 1488 1642 ponere
1500 1603 1678 1642 jubebantur,
1688 1605 1796 1642 scilicet

1013 1644 1042 1666 ut
1057 1640 1250 1674 perfectionem
1271 1639 1425 1666 devotionis
1441 1647 1497 1666 sua:
1514 1639 1628 1666 Domino
1652 1639 1798 1667 consecra-

1012 1680 1085 1702 rent.
1101 1675 1187 1710 Hujus
1206 1682 1272 1709 ergo
1292 1675 1408 1708 exempli
1425 1681 1488 1701 usus
1508 1677 1541 1701 ab
1565 1675 1695 1708 apostolis
1711 1676 1797 1702 intro-

1011 1711 1111 1738 ductus
1132 1716 1174 1738 est
1189 1719 1195 1737 :
1209 1715 1237 1737 ut
1252 1710 1298 1744 qui
1320 1710 1419 1737 divinis
1435 1710 1554 1736 cultibus
1571 1710 1716 1743 mancipati
1742 1710 1797 1737 Do-

1011 1745 1088 1772 mino
1110 1751 1319 1777 consecrantur,
1343 1745 1420 1779 quasi
1446 1744 1582 1776 Nazariei,
1602 1746 1628 1771 id
1649 1750 1692 1771 est
1709 1745 1797 1772 sant-ti

1011 1781 1059 1808 Dei
1072 1781 1148 1808 crine
1161 1782 1276 1814 praeciso
1288 1780 1462 1807 innoventur.
1479 1789 1489 1805 ι
1509 1779 1575 1806 Vide
1591 1780 1626 1806 ibi
1638 1780 1728 1814 plura.
1745 1781 1799 1808 Ne-

1011 1788 1059 1808 uei
1072 1788 1148 1808 crine
1180 1788 1276 1807 l‘iBClSO
1288 1788 1462 1807 nmoventur.
1479 1789 1489 1805 ι
1511 1788 1575 1806 Viue
1591 1788 1626 1806 ιυι
1638 1788 1728 1814 piura.
1745 1788 1794 1808 LVC-

1011 1823 1064 1850 que
1079 1816 1143 1843 viris
1155 1788 1236 1851 £73
1251 1820 1354 1842 tantum
1380 1815 1431 1841 fuit
1446 1815 1490 1841 ille
1510 1816 1720 1842 resecandorum
1740 1816 1794 1842 eris

1011 1851 1086 1878 nium
1101 1859 1159 1879 mos
1174 1850 1304 1884 usitatus,
1316 1851 1364 1878 sed
1380 1851 1462 1877 etiam
1477 1851 1595 1883 feminis,
1611 1850 1644 1876 iis
1657 1851 1797 1883 nimirum,

1011 1894 1072 1921 quae
1094 1886 1176 1914 rebus
1194 1886 1285 1914 saeculi
1308 1886 1433 1912 iiutitiunt
1452 1886 1642 1917 remittentes,
1654 1893 1725 1921 sese
1743 1886 1798 1913 Deo

1011 1920 1187 1954 devoverent,
1204 1921 1286 1956 idque
1301 1922 1397 1954 primis
1409 1921 1526 1956 saeculis,
1536 1926 1563 1947 et
1576 1927 1638 1948 ante
1652 1920 1683 1947 Β.
1693 1921 1797 1956 γΙΙιιιιο-

1012 1957 1086 1991 tiymi
1106 1955 1245 1990 tempora.’
1256 1956 1338 1990 Cujus
1353 1956 1437 1982 moris
1451 1957 1478 1982 in
1495 1955 1573 1991 Syria
1595 1961 1622 1983 et
1635 1957 1663 1982 in
1678 1955 1798 1991 Aigypio

1012 1992 1136 2026 usurpati
1160 1991 1288 2019 meminit
1310 1991 1381 2018 idem
1405 1991 1586 2026 Hieronymus
1606 1992 1686 2025 epist.
1708 1993 1742 2018 45
1764 1993 1798 2019 ad

1011 2027 1202 2054 Sabinianum.
1219 2035 1228 2052 i
1241 2026 1323 2054 Moris
1333 2031 1384 2058 est,
1395 2027 1493 2060 inquit,
1506 2034 1532 2053 ιιι
1543 2026 1652 2061 ΙΕεγμιι
1669 2033 1696 2054 et
1711 2028 1798 2062 Syriae

1011 2062 1196 2094 monasteriis,
1214 2067 1243 2089 ut
1258 2067 1311 2089 tam
1326 2062 1404 2096 virgo
1418 2069 1501 2096 quam
1517 2062 1607 2093 vidua,
1623 2069 1683 2096 quae
1699 2071 1727 2088 se
1742 2065 1796 2090 Deo

1010 2098 1155 2129 vovet'iitt,
1171 2103 1199 2124 et
1220 2097 1320 2124 saeculo
1339 2099 1538 2129 renuntiantes,
1561 2104 1657 2123 omnes
1683 2098 1798 2124 delicias

1011 2132 1102 2160 saeculi
1118 2133 1316 2165 conculcarint,
1332 2132 1439 2159 crinem
1454 2133 1682 2160 monasteriorum
1699 2134 1798 2159 matri-

1011 2168 1062 2195 bus
1076 2167 1192 2194 oderant
1207 2168 1399 2194 desecaitduiit.
1414 2176 1424 2193 t

1047 2205 1138 2237 Atque
1154 2208 1182 2230 ut
1197 2204 1386 2234 ostendamus,
1402 2202 1523 2237 magistri
1538 2206 1566 2229 et
1582 2202 1719 2237 discipuli,
1744 2203 1797 2230 hoc

1011 2243 1053 2266 est
1067 2237 1146 2265 Pauli
1160 2244 1186 2266 et
1202 2238 1323 2273 Dionysii
1338 2238 1501 2265 documenta
1514 2243 1569 2264 tant
1585 2239 1655 2265 inter
1664 2245 1703 2271 se,
1715 2245 1798 2272 quam

1012 2281 1074 2300 ctiitt
1089 2273 1192 2301 Christi
1215 2274 1312 2308 ipsius,
1329 2278 1360 2299 ut
1372 2275 1492 2306 supremi
1516 2274 1638 2300 omnium
1661 2275 1797 2308 magistri,

1013 2309 1136 2336 doctrina
1151 2310 1333 2340 concordare,
1348 2308 1548 2335 observandum
1566 2313 1608 2335 est
1634 2315 1668 2335 ex
1690 2309 1798 2335 illorum

1013 2345 1094 2371 dictis
1116 2345 1250 2379 duplicent
1275 2344 1363 2378 colligi
1382 2344 1635 2379 justorum,’etiant
1653 2344 1796 2378 laicurnm,

1013 2380 1120 2406 vitain:
1140 2378 1222 2406 uitam
1243 2379 1388 2406 indivisant
1412 2384 1440 2405 et
1469 2379 1514 2405 uni
1535 2378 1590 2406 Deo
1603 2379 1797 2412 adhaerentem,

1012 2422 1027 2440 a
1042 2419 1127 2441 terant
1143 2415 1259 2442 divisant
1283 2420 1311 2441 et
1331 2414 1359 2440 in
1374 2414 1448 2440 varia
1463 2414 1640 2446 distractam;
1655 2419 1682 2440 et
1697 2416 1799 2440 utrius-

1012 2457 1066 2483 que
1077 2450 1223 2484 quamdam
1240 2449 1313 2476 velut
1327 2450 1472 2483 imaginem
1485 2450 1526 2484 illi
1546 2449 1599 2476 illis
1619 2449 1722 2476 Christi
1736 2457 1799 2476 ver-

1013 2485 1054 2511 bis
1069 2483 1291 2518 repraisentatam
1307 2492 1315 2511 :
1332 2484 1451 2518 Mart/ia,
1465 2483 1583 2517 Mari/ia,
1595 2486 1710 2511 sollicua
1724 2492 1762 2516 es,
1773 2490 1798 2511 et

1013 2517 1128 2547 turbaris
1142 2528 1205 2554 erga
1219 2519 1344 2553 plurima.
1361 2517 1447 2545 Porro
1463 2527 1543 2546 unum
1559 2525 1595 2545 est
1610 2520 1798 2551 necessarium.

1014 2553 1106 2582 Maria
1142 2553 1269 2589 optimam
1299 2558 1400 2588 partem
1416 2554 1503 2588 elegit,
1516 2562 1575 2589 qua:
1591 2561 1642 2581 non
1663 2556 1799 2588 auferetur

1013 2591 1046 2616 ab
1060 2598 1091 2617 ca
1100 2595 1125 2622 P;
1140 2591 1178 2617 ita
1201 2594 1230 2616 ut
1251 2591 1278 2616 in
1301 2590 1406 2615 Martha
1422 2589 1582 2624 designetur
1598 2594 1654 2616 Vita
1667 2590 1754 2616 divisa
1770 2594 1799 2616 et

1012 2625 1129 2653 sollicita
1145 2626 1271 2660 eurisque
1286 2625 1409 2652 externis
1422 2625 1564 2656 distracta,
1590 2632 1650 2658 quae
1666 2630 1693 2651 et
1708 2625 1798 2651 activa

1013 2663 1082 2688 solet
1096 2659 1246 2696 appellari;
1263 2661 1290 2687 in
1302 2660 1386 2687 Maria
1398 2665 1488 2686 autem
1502 2660 1616 2694 simplex
1630 2664 1657 2686 et
1670 2659 1797 2696 indivisa,

1012 2700 1040 2723 et
1054 2694 1121 2723 'uni’
1132 2694 1182 2728 illi,
1200 2697 1272 2730 quod
1287 2701 1328 2722 est
1345 2696 1543 2728 necessarium,
1559 2700 1680 2726 intenta;
1697 2699 1725 2720 et
1740 2694 1798 2722 haec

1012 2737 1065 2764 est,
1086 2739 1146 2766 qua:
1163 2737 1239 2759 caret
1252 2731 1449 2762 sollicitudine,
1461 2736 1488 2757 et
1499 2730 1712 2766 contemplativa
1728 2730 1797 2766 dici-

1015 2772 1068 2794 tur.
1082 2765 1122 2794 Ad
1139 2768 1208 2794 hanc
1222 2767 1402 2802 p0steriorent
1415 2767 1541 2802 hortatur
1555 2765 1666 2797 Paulus,
1679 2772 1740 2802 eum
1754 2765 1798 2802 di-

1014 2805 1052 2830 cit
1067 2813 1074 2830 :
1093 2802 1156 2829 γυιο
1168 2800 1256 2829 autent
1271 2811 1314 2829 vos
1332 2809 1387 2828 nnc
1402 2801 1579 2827 sollicitudine
1593 2807 1657 2826 esse.
1675 2800 1726 2832 Qui
1741 2801 1798 2827 sine

1015 2847 1097 2866 uxore
1112 2843 1162 2869 est,
1178 2838 1308 2865 sollicitus
1326 2841 1363 2863 est
1385 2843 1444 2870 qua;
1459 2835 1566 2862 Domini
1579 2840 1651 2866 sunt,
1666 2836 1798 2866 quomoda

1014 2880 1116 2909 ptaceat
1130 2873 1185 2901 Deo
1193 2878 1218 2900 ιι.
1244 2873 1348 2907 Quibus
1363 2872 1391 2898 in
1405 2872 1494 2898 verbis
1508 2871 1583 2897 illam
1598 2870 1742 2898 denuntiat
1755 2870 1797 2898 vi-

208 2938 226 2950 ·
242 2934 335 2962 Matth.
352 2943 409 2969 xu,
422 2935 468 2963 il.
508 2940 521 2954 ιι
533 2934 614 2968 lbid.,
631 2934 674 2962 l2.
714 2937 726 2953 ¹
745 2934 829 2965 Ι(Ζοι·.
847 2942 895 2969 vn,
911 2935 957 2970 '62,

1014 2955 1019 2962 .
1060 2938 1074 2959 ιι
1089 2932 1156 2961 Luc.
1183 2940 1209 2966 ι,
1232 2931 1277 2959 Μ.
1316 2930 1367 2969 λιιι
1385 2930 1448 2959 Cor.
1467 2936 1516 2961 vn,
1532 2928 1578 2963 52,
1603 2927 1648 2956 55.
