1929 3092
153 174 205 203 9'57

611 176 640 204 Ρ.
658 176 808 205 HALLOIX
826 176 900 204 SOC.
918 175 1001 205 JESU
1018 176 1250 210 QUJESTIONES
1267 178 1311 206 IV.

1728 181 1779 210 958

153 238 233 272 geni,
250 238 316 264 dare
336 237 418 273 etiam
438 241 531 271 postea
551 244 687 273 agnomen
704 236 854 273 Timothei?
873 244 941 273 prte-
956 241 979 269 Α
995 236 1124 270 tigerunt,
1138 244 1169 269 ac
1179 241 1312 271 praeterea
1329 237 1363 265 de
1377 241 1498 273 tempore
1509 245 1663 273 genereque
1679 241 1780 267 mortis

152 271 247 300 sertim
265 279 326 299 cum
343 272 388 299 alii
405 272 497 306 plu-es
515 272 566 299 sub
581 280 611 298 ea
629 276 750 305 tempora
765 271 876 300 nomine
889 272 940 299 isto

153 312 330 338 vocarentur,
349 312 396 333 aut
418 307 506 334 vocati
521 312 613 333 essent
631 306 773 333 Timothei.
796 306 899 333 Deinde
915 307 937 332 si

154 344 183 371 S.
201 343 344 379 Dionysius
357 343 382 368 in
396 342 459 370 libri
469 343 510 370 sui
524 342 701 379 inscriptione
715 342 941 379 aliuuivoluisset

154 376 298 412 designare
322 378 506 411 Timotheum,
527 386 607 412 quam
633 377 706 403 illiiin
729 377 805 403 Pauli
829 376 940 404 notissi-

155 424 228 442 inum
243 414 370 440 comitem
389 419 417 441 et
438 415 612 448 discipulum,
637 419 703 439 sane
727 412 876 448 addidisset
898 412 937 438 vel

155 457 251 477 nomen
277 449 364 482 ipsum
390 450 451 484 ejus
475 447 636 484 proprium,
655 447 821 484 velraliqnid
845 447 936 477 aliud.

152 486 224 520 quod
240 483 445 522 ambiguitatem
465 483 657 522 appellationis
678 483 939 522 tolleret;_vocando

153 518 242 549 autem
257 522 380 549 absolute
397 518 574 552 Timotheum,
592 520 692 546 nullum
710 524 776 545 sane
793 518 875 549 alium
894 525 940 543 vo-

154 558 205 585 luit
221 557 377 591 designare,
391 564 472 590 quam
489 563 552 583 eum
570 555 615 590 qui
629 556 700 582 inter
716 553 874 591 Timotheos
889 561 938 586 ap-

154 594 266 628 pellatos
282 589 433 628 praecipuus
452 591 511 628 fuit.
529 596 558 619 et
574 589 600 617 in
618 589 814 628 ore_omi_iium.

190 629 236 655 Est
262 625 289 655 et
311 625 379 654 alius
400 627 476 653 locus
496 627 523 653 iii
549 627 644 653 eodem
667 625 760 652 Flavio
786 625 886 651 Dextro
904 625 938 651 ad

153 671 256 691 annum
281 663 382 690 Christi
409 662 473 693 200,
495 667 523 689 et
549 662 641 688 llomte
669 661 736 692 971,
756 660 798 687 his
823 661 936 687 verbis:

156 709 166 725 I
193 700 289 726 Exstat
306 697 428 732 quzedam
454 697 581 731 epistola,
606 704 668 730 quas
693 695 889 724 circumfertur
905 694 938 722 ad

154 735 237 762 Marc.
258 734 412 760 Marcellum
431 732 590 759 Toletannin
619 732 774 766 prtesuieni,
792 738 875 764 quem
891 738 940 757 vo-

153 775 198 797 cat
217 769 298 795 tilinin
324 774 352 795 et
368 768 552 799 Timotheum.
584 767 610 794 id
625 773 667 794 est
687 767 740 794 Deo
763 767 937 793 honoratum.

153 805 221 832 Nam
231 805 300 831 alter
314 803 485 834 Timotheus,
497 811 558 830 cmn
568 803 680 837 epistola
692 803 750 829 haec
767 806 808 827 cst
824 802 937 836 scripta,

152 840 206 876 jam
226 841 251 867 in
266 839 334 866 vivis
349 839 555 876 essedesierat.
571 848 581 864 i

188 876 253 908 Quae
270 876 353 902 verba
379 875 444 900 mihi
472 874 637 908 persuadere
660 881 712 900 non
743 880 853 907 possum
876 880 938 900 esse

154 911 257 941 Dextri,
276 910 322 937 sed
337 910 427 944 potius
445 909 562 936 hominis
579 908 651 942 plani
669 914 696 945 et
714 908 812 943 ignari,
825 909 937 945 quivo-
955 916 976 945 Β

154 946 212 973 lens
232 946 305 973 omni
323 943 402 971 modo
415 945 590 978 persuadere,
604 943 727 971 eumdem
746 950 807 970 esse
824 944 859 970 bl.
872 944 938 970 Mar—

153 982 262 1012 cellum,
280 986 307 1008 et
324 979 496 1006 Timotheum
514 979 589 1006 illum
608 980 640 1005 ad
657 987 738 1012 queui
762 980 858 1005 scribit
875 979 938 1006 Dio-

154 1017 265 1052 nysius,
292 1015 467 1052 putidissime
494 1015 552 1052 haec
579 1014 792 1052 coagmentavit.
819 1014 938 1052 Advorte

155 1050 257 1083 autem,
284 1051 363 1077 aliain
388 1050 431 1077 hic
452 1050 511 1076 dari
538 1050 794 1083 interpretationem
819 1050 937 1077 nominis

154 1086 323 1118 Timotheus,
336 1093 414 1119 quam
431 1086 515 1120 prius.
528 1085 641 1112 Dicebat
657 1085 728 1111 enim
748 1085 822 1118 prius
834 1085 935 1111 dictum

154 1122 326 1149 Timotheum
344 1127 450 1155 propter
468 1120 567 1155 ingenii
589 1120 786 1154 praestantium,
813 1127 873 1146 cum
896 1120 936 1146 di-

154 1165 218 1184 cere
235 1157 390 1187 debuisset,
408 1156 438 1182 ob
458 1155 562 1189 pietatis
578 1156 759 1189 praenuntiam
774 1161 781 1180 :
802 1162 873 1181 nunc
890 1154 936 1182 Ti-

155 1193 293 1219 inotiieuin
321 1192 515 1224 interpretatur
539 1190 591 1217 Deo
614 1191 783 1222 honoratum,
807 1198 869 1216 cum
895 1190 938 1217 iii-

156 1228 299 1260 terpretari
333 1227 455 1257 deberet,
480 1227 651 1252 honorunlem
679 1225 772 1251 Deum.
804 1224 938 1253 Dill‘cruiit

153 1263 226 1289 enim
240 1262 371 1297 Τιμόθεος
383 1265 411 1287 et
422 1261 562 1296 Θεότιμος,
578 1268 638 1297 cuin
651 1260 726 1297 prius
737 1260 834 1297 active,
851 1265 938 1297 poste-

154 1300 212 1324 rius
228 1295 335 1332 passive
358 1297 492 1330 capiatur.
505 1295 555 1323 Est
573 1296 644 1322 enim
668 1295 792 1332 θεόςειμος
817 1295 871 1322 Deo
888 1296 937 1332 Ito-

154 1329 274 1363 norut‘us.
292 1333 365 1360 ualde
379 1329 557 1362 Iioiiorundus.
572 1332 642 1358 sicut
656 1329 809 1366 περίτιμος,
823 1331 937 1366 μεγαλό-

153 1376 232 1403 τιμος
253 1369 383 1403 ἰσότιμος,
401 1372 429 1394 et
454 1366 506 1393 alia
529 1366 651 1400 ejusdem
674 1366 766 1403 sortis,
788 1367 846 1393 sive
867 1374 936 1403 quo-

154 1401 415 1438 tiescuiique'ssl
440 1409 503 1436 pars
519 1410 598 1437 τιμος
619 1407 661 1438 est
685 1401 747 1438 linis
774 1401 935 1438 compositi;

154 1444 211 1465 tum
227 1436 300 1465 enim
319 1436 388 1465 tales
405 1436 485 1464 voces
502 1436 567 1464 sunt
584 1437 699 1472 passiva:
716 1436 937 1471 signiﬁcationis.

152 1474 240 1501 Aliter
257 1478 346 1501 autem
364 1480 391 1500 et
405 1481 419 1500 e
436 1476 575 1499 contrario
590 1479 633 1498 res
649 1473 742 1503 habet,
756 1479 818 1498 cum
836 1477 878 1499 est
891 1472 938 1499 iiii-

155 1511 223 1535 tiuin
240 1509 404 1543 compositi:
428 1507 581 1543 tunceuiin
603 1508 786 1543 activamLm‘
803 1507 871 1540 dixi,
890 1509 938 1534 lia-

153 1546 219 1571 bent
234 1541 469 1579 signilicalionem.
481 1542 556 1570 Unde
569 1542 710 1578 τιμὸπολις
724 1541 845 1575 Euripidi
861 1547 901 1569 est
915 1544 936 1570 is

153 1580 200 1612 qui
212 1581 329 1607 honorat
343 1579 493 1608 civitatem.
509 1585 568 1610 seu,
582 1579 627 1612 qui
640 1582 801 1604 ornamento
812 1583 853 1604 est
870 1579 937 1604 civi-

994 279 1047 298 non
1064 279 1177 309 prorsus
1188 273 1352 299 consentiat.
1370 273 1461 309 Itaque
1476 281 1544 309 nego
1561 274 1590 301 S.
1605 273 1778 302 Timotheum

989 310 1057 344 tunc
1073 306 1158 333 fuisse
1170 312 1306 344 mortuum
1322 315 1384 344 cum
1398 307 1427 334 Β.
1447 306 1592 344 Dionysius
1611 309 1695 336 libros
1712 317 1776 337 suos

991 342 1271 378 priineromposuit;
1294 343 1341 369 sed
1358 347 1424 371 tunc
1447 342 1562 376 tantum,
1584 345 1694 378 quando
1718 345 1779 372 illos

992 380 1055 410 post
1078 375 1109 413 S.
1123 375 1238 405 Joannis
1252 378 1292 413 ab
1307 378 1405 405 exsilio
1431 380 1560 413 reditum,
1579 375 1607 406 et
1630 384 1693 413 post
1712 381 1781 406 εστι-

990 417 1069 450 ptum
1086 412 1120 450 ab
1137 413 1230 450 eodem
1251 411 1429 450 Evangelium
1446 411 1684 450 etrApo'calyp—siui
1707 416 1780 449 (quae

992 447 1050 484 ipse
1065 448 1194 484 ardenter
1213 448 1401 481 desiderabat,
1420 454 1448 476 ut
1465 447 1525 484 ejus
1550 447 1623 476 data
1635 451 1668 476 ad
1690 447 1777 484 ipsum

987 482 1108 519 epistola
1124 482 1259 519 declarat)
1273 485 1429 511 accuratius
1447 482 1553 519 relegit,
1574 489 1601 511 et
1619 484 1686 512 locis
1700 482 1778 513 illius

992 518 1106 551 apostoli
1125 521 1152 544 et
1168 518 1230 544 novi
1251 518 1439 552 evangelistae,
1460 518 1558 553 partim
1574 521 1648 547 velut
1664 522 1779 553 gemmis

990 552 1155 590 quibusdam
1171 553 1289 590 ornavit,
1307 554 1407 590 partim
1422 552 1498 581 velut
1515 552 1679 582 fortissimis
1696 564 1778 590 argu-

990 587 1312 625 inentis_corrohoravit.
1334 587 1402 615 Nam
1425 594 1452 616 et
1476 590 1527 617 hoc
1551 587 1778 625 frequentissime

990 622 1054 660 ﬁeri
1068 622 1183 660 scimus,
1204 628 1246 660 ut,
1264 623 1287 660 si
1306 628 1369 656 post
1385 624 1534 660 editionem
1552 622 1666 659 alicujus
1687 627 1778 660 operis

990 657 1130 692 quidpiam
1148 658 1217 693 novi,
1229 657 1271 684 vel
1287 666 1302 684 ιι
1320 659 1451 692 pontifice
1468 660 1598 693 maximo,
1618 657 1658 688 vel
1677 657 1712 689 ab
1727 662 1779 689 ali-

989 699 1044 727 quo
1055 693 1115 730 alio
1138 692 1281 730 praecipua;
1304 695 1479 722 auctoritatis
1498 696 1556 722 viro
1582 697 1776 730 constituatur,

991 733 1037 754 aut
1054 728 1081 754 in
1106 728 1194 754 lucem
1221 729 1329 765 edatur,
1347 737 1400 764 quo
1424 735 1518 757 nostra
1538 731 1642 758 lirinari
1660 728 1776 765 possint,

990 770 1030 800 ea__
1041 770 1174 800 perquam
1200 763 1279 800 avide
1304 765 1482 799 arripiamus,
1506 770 1588 800 atque
1605 767 1633 794 in
1660 763 1776 795 alteram

990 798 1136 825 editionem
1155 798 1345 826 illllliillalllus.

1027 832 1120 871 quue
1142 840 1306 871 magnopere
1333 834 1427 871 nobis,
1442 842 1515 863 cura:
1538 843 1596 869 est,
1618 837 1776 871 supersitne

990 867 1186 907 ailhiic’isﬁcui
1212 869 1280 907 liber
1299 870 1389 907 primo
1413 870 1522 898 dicatus
1545 867 1639 904 fuerit,
1653 867 1698 899 'aii
1717 873 1775 907 jam

990 903 1102 940 obicrit.
1125 902 1154 930 Si
1181 905 1243 937 quis
1268 902 1354 940 igitur
1380 907 1566 940 argumentari
1585 902 1651 935 velit
1675 902 1774 940 ex'eo,

991 938 1273 978 vei-blingratia,_quod
1291 940 1382 978 in_i|lo
1396 938 1497 978 citetur
1511 947 1646 969 statutum
1665 938 1774 978 aliquod

989 974 1158 1012 pontiﬁcium
1171 974 1271 1012 abhinc
1284 975 1371 1002 tribus
1385 976 1517 1003 duntaxat
1529 984 1682 1012 quatuorve
1696 974 1777 1007 aiinis

989 1009 1104 1042 editum,
1123 1017 1174 1035 non
1194 1010 1315 1043 potuisse
1332 1019 1393 1037 eum
1412 1012 1511 1038 libiuiii
1536 1009 1577 1039 vel
1594 1013 1713 1041 Baronio
1733 1016 1775 1042 vel

989 1043 1098 1082 Toleto,
1109 1044 1226 1082 exempli
1240 1052 1334 1078 causa,
1349 1045 1480 1082 dedicari,
1495 1048 1541 1081 qui
1557 1049 1700 1082 aliquanto
1713 1057 1776 1078 ante

988 1077 1093 1106 fuerint
1110 1080 1222 1113 mortui,
1250 1085 1326 1107 certe
1348 1077 1486 1109 infirmum
1504 1077 1542 1110 'ac
1571 1077 1669 1110 vaiium
1693 1084 1776 1112 fuerit

988 1119 1205 1153 argumentuiii_:
1223 1122 1285 1153 nam
1298 1115 1383 1149 prima
1399 1116 1462 1153 libri
1484 1117 1632 1151 dedicatio,
1650 1127 1710 1153 quae
1724 1122 1776 1147 fuit

989 1149 1076 1176 multo
1088 1155 1151 1177 ante
1165 1149 1230 1177 illud
1246 1154 1388 1183 statutum,
1403 1151 1449 1178 illo
1459 1149 1706 1181 advenientem-iuit
1720 1163 1776 1183 inu-

990 1188 1045 1223 tata
1058 1189 1110 1211 Bal.
1122 1185 1160 1212 lia
1173 1185 1198 1212 in
1213 1185 1336 1223 _D.onys_ii
1353 1188 1481 1220 operibus
1497 1189 1596 1216 accidit
1610 1197 1617 1216 :
1635 1190 1688 1217 illis
1703 1191 1774 1218 ι-ιιίιιι

989 1219 1081 1253 aliqua
1096 1221 1269 1256 postmodum
1285 1219 1390 1256 adjecta
1410 1228 1484 1254 sunt,
1508 1229 1536 1250 et
1551 1224 1669 1252 fortassis
1691 1226 1773 1253 etiam

988 1256 1106 1286 variata,
1121 1255 1168 1292 sed
1188 1255 1250 1282 libri
1269 1255 1406 1284 dedicatio
1424 1259 1519 1284 eadem
1539 1260 1653 1292 mansit,
1669 1266 1697 1288 et
1718 1270 1773 1289 non

988 1291 1104 1329 variata.
1118 1290 1186 1323 Quis
1198 1298 1292 1329 porro,
1310 1292 1333 1319 si
1350 1296 1437 1329 uitale
1452 1292 1569 1321 vixisset
1596 1290 1728 1329 Dionysii,
1747 1302 1774 1324 et

987 1324 1036 1352 lib:
1043 1333 1074 1353 os
1084 1331 1161 1363 ante
1170 1324 1326 1362 ev’ulgatum
1346 1326 1458 1363 Joannis
1480 1329 1658 1363 Evangeliuui
1664 1324 1761 1359 'euidis
1769 1348 1775 1352 -

987 1365 1041 1391 set,
1054 1361 1129 1388 aliud
1149 1361 1254 1401 faceret
1275 1370 1356 1401 quam
1374 1362 1442 1401 fecit
1460 1361 1627 1401 Dionysius?
1641 1367 1714 1401 quis,
1730 1368 1774 1394 iii-

988 1403 1084 1436 quam,
1099 1402 1161 1430 post
1179 1397 1356 1432 Evangelium
1370 1397 1427 1431 jam
1447 1397 1606 1433 evulgatqu
1626 1397 1774 1436 impetrare

988 1438 1015 1470 an
1026 1438 1121 1470 seipse
1140 1436 1243 1470 posset,
1255 1440 1283 1459 ιιι
1295 1440 1363 1467 opus
1373 1440 1519 1470 suuiiinon
1537 1440 1710 1470 retractat-et,
1724 1446 1775 1466 nec

987 1465 1267 1507 illud,:_advoeatisﬂe
1292 1465 1363 1507 ιιόνρ
1373 1504 1379 1507 Α
1391 1469 1473 1507 ιςιιιιὶΔ
1487 1471 1602 1507 apostoli
1625 1465 1775 1507 Evaiiigelio

989 1502 1109 1539 auxiliis,
1123 1502 1354 1539 meliusfaceret?
1365 1503 1474 1539 Alioqui
1489 1502 1620 1539 insipiens
1628 1515 1694 1534 sane
1702 1502 1775 1537 Esset

989 1542 1018 1564 et
1032 1537 1194 1575 haberetur,
1206 1538 1234 1575 si
1252 1538 1279 1566 id
1292 1537 1452 1575 negligeiet.
1470 1537 1551 1568 Talis'
1568 1541 1651 1575 igitur
1676 1543 1774 1571 fuisset

990 1577 1019 1613 et
1035 1573 1133 1613 haberi
1155 1573 1296 1613 debuisset
1311 1573 1340 1600 ὃ.
1361 1575 1566 1613 Diony_sius,_si
1580 1573 1669 1613 'alitei-
1691 1586 1773 1613 quam

153 1601 937 1648 313,113;3}.{atati35'trititait’iaa"'sig“a;;52-
951 1601 973 1632 C
988 1607 1066 1648 iecit.
1079 1608 1198 1636 fecisset.
1209 1607 1290 1648 Quod
1298 1601 1774 1648 νειοριυὲίιειιὲιίίιὶὲτῇἑῖᾑιῷἦῖιὶζ

152 1650 230 1682 πολις
252 1649 440 1683 Aristophani,
455 1653 572 1674 seruator
589 1649 712 1674 civitatis.
729 1648 776 1674 Sic
793 1647 934 1682 φιλόπολις

153 1691 259 1712 uitiator
271 1686 399 1711 civitatis.
416 1684 450 1710 Et
467 1684 505 1710 ita
524 1684 557 1710 de
575 1683 648 1710 aliis.
665 1683 758 1717 Itaque
771 1683 935 1710 alterutrum

153 1721 297 1748 dicendum
313 1725 367 1751 est,
384 1719 426 1746 Vel
451 1719 542 1745 addita
569 1720 627 1745 huic
648 1725 708 1745 esse
731 1718 765 1744 ad
790 1718 934 1750 Dextrum,

153 1757 195 1782 vel
224 1756 353 1782 Dextrum
382 1754 505 1781 nescisse
533 1754 658 1784 litteras;
682 1754 817 1788 posterius
845 1755 935 1780 dicere

153 1799 207 1818 non
224 1791 322 1823 ausim,
341 1790 423 1825 igitur
439 1791 524 1824 prius.
542 1789 613 1820 Alia,
631 1790 737 1825 quieuit
754 1796 836 1822 supra
853 1789 935 1816 dictis

153 1826 243 1853 verbis
261 1823 362 1852 insunt‘
372 1823 503 1857 absurda,
520 1829 662 1859 praetereo.
680 1823 739 1850 Hoc
754 1829 846 1850 autem
871 1832 935 1858 pas-

152 1869 203 1887 siin
218 1866 273 1887 toto
287 1861 357 1888 libro
369 1865 486 1892 constat,
501 1867 562 1887 eum
576 1859 704 1886 tjlironiei
719 1863 871 1891 auctorem,
885 1867 933 1886 seu

151 1904 167 1923 e
185 1897 261 1923 libris
279 1896 415 1930 Hispania:
431 1895 625 1922 ecclesiasticis
640 1894 857 1929 compilatorein,
874 1896 933 1928 plus

153 1932 239 1958 nimio
266 1938 338 1966 genti
363 1938 420 1958 sua:
446 1931 594 1962 addictum,
619 1931 708 1957 aliena
736 1930 820 1966 multa
846 1937 872 1956 ιιι
888 1931 933 1964 jus

152 1975 232 1993 suum
248 1965 285 2001 (si
297 1968 341 2001 jus
358 1966 410 1993 dici
429 1967 529 2000 potest)
546 1971 573 1992 et
596 1965 623 1991 in
643 1965 796 2001 propositas
812 1973 869 1992 sua:
889 1973 933 1992 ce-

153 2000 402 2036 lebraiidae’patria:
418 2002 513 2028 laudes
537 2006 714 2036 pertraxtsse.
733 2000 873 2036 Hactenus
898 2000 932 2027 de

153 2038 256 2072 Dextro
278 2045 284 2063 :
306 2034 362 2072 jam
385 2037 419 2064 ad
447 2034 579 2064 solvenda
605 2041 769 2071 ai'guiiieiita
793 2034 932 2072 Fraiicisci

151 2071 211 2106 ejus
231 2071 455 2100 commentatoris
467 2072 559 2106 (quem
575 2080 693 2107 agnosco
709 2071 795 2098 virum
811 2071 932 2103 doctum,

151 2112 180 2132 et
196 2109 333 2141 proposito
348 2115 397 2136 suo
414 2108 575 2135 defendendi
602 2107 694 2134 Dextri
711 2107 827 2141 ingenue
842 2107 931 2134 soler—

153 2147 247 2176 terquc
264 2143 442 2177 insistentem)
460 2150 644 2177 accingamur.

188 2177 309 2204 Primum
333 2182 394 2204 erat
409 2179 442 2204 de
463 2179 493 2206 S.
512 2176 666 2211 Timotheo,
683 2184 763 2212 quem
789 2176 856 2204 dicit
879 2178 930 2205 sub

152 2211 308 2240 Domitiano
329 2220 396 2246 imp.
423 2218 570 2240 mortuum.
597 2213 626 2239 Id
652 2211 720 2247 nego
742 2220 836 2239 verum
859 2221 928 2240 esse.

152 2248 266 2275 Proh-avi
283 2249 355 2274 enim
378 2248 406 2274 in
429 2248 620 2275 Notationibus
635 2250 669 2276 ad
687 2248 776 2276 Vitam
799 2247 828 2274 ὃ.
846 2247 928 2283 Poly—

987 1642 1119 1670 libiorum
1149 1646 1321 1677 retractatio,
1347 1645 1384 1672 sit
1407 1644 1490 1672 etiam
1515 1646 1559 1672 illa
1581 1646 1617 1674 Μ.
1643 1642 1724 1676 Tui.ii
1746 1651 1773 1677 in

986 1677 1110 1712 epistolis
1126 1679 1161 1707 ad
1180 1679 1301 1706 Atticum
1321 1679 1488 1708 testiﬁcatio.
1504 1681 1529 1708 is
1546 1683 1620 1709 enim
1643 1691 1704 1711 cum
1721 1685 1774 1712 ali-

986 1716 1094 1750 quando
1107 1714 1208 1741 Lbruin
1221 1715 1364 1749 quemdam
1374 1724 1453 1742 suum
1466 1716 1573 1750 placere
1586 1718 1673 1745 eidem
1683 1721 1775 1747 Attico

985 1748 1176 1788 intellexisset,
1186 1748 1248 1788 eum
1259 1749 1295 1788 illi
1312 1756 1404 1784 postea
1418 1748 1492 1778 misit
1505 1754 1733 1788 retractatiorem,
1747 1761 1776 1783 et

985 1785 1056 1812 dixit
1071 1792 1078 1810 :
1098 1793 1107 1810 t
1121 1784 1201 1817 Quod
1221 1791 1247 1812 te
1260 1785 1370 1812 Erotem
1392 1793 1446 1814 non
1461 1794 1474 1813 s
1486 1794 1520 1813 ne
1545 1789 1707 1817 munusculo
1725 1784 1774 1818 cx-

985 1825 1113 1854 spectare
1122 1821 1202 1852 dicis,
1219 1821 1324 1856 gaudeo
1338 1828 1401 1849 eam
1416 1829 1475 1849 rem
1502 1830 1555 1850 non
1581 1822 1713 1852 fefellisse
1727 1834 1775 1853 ex-

983 1855 1181 1889 spectationem
1198 1862 1280 1894 tuam.
1293 1856 1454 1894 Sedtanieii
1475 1856 1545 1884 idem
1559 1857 1701 1894 σύνταγμα
1712 1862 1774 1888 misi

984 1893 1018 1917 ad
1031 1895 1057 1929 te
1070 1892 1255 1929 retractatius.
1272 1897 1300 1919 et
1310 1892 1421 1929 quidem
1436 1893 1525 1926 ipsum
1541 1892 1698 1929 ἀρχέτυῆον
1713 1904 1771 1924 cie-

983 1933 1040 1953 bl‘ts
1051 1925 1119 1953 locis
1129 1927 1294 1954 inculcatum
1309 1932 1337 1954 et
1352 1925 1495 1955 refectum.
1512 1937 1521 1954 ι
1543 1925 1648 1957 δὶόιιιε
1662 1931 1711 1958 lib.
1729 1939 1774 1959 xvi

982 1961 1023 1986 Ad
1043 1960 1173 2001 Atticum,
1193 1961 1310 2001 epistola
1328 1962 1355 1989 5.
1376 1962 1415 1990 ita
1440 1965 1553 2001 omnino
1571 1969 1599 1992 et
1625 1966 1774 2001 Dionysus

982 2002 1079 2036 noster
1099 1997 1175 2036 fecit.
1192 1997 1330 2036 Opuscula
1351 2005 1400 2036 sua
1424 1999 1531 2036 crebris
1546 1999 1614 2027 locis
1633 1997 1774 2036 Evangelii

982 2037 1010 2068 et
1022 2031 1226 2068 Apocalypseos
1241 2032 1355 2060 Joannis
1368 2034 1504 2061 inculcata
1517 2039 1545 2062 et
1556 2035 1659 2062 rel‘ecm
1670 2031 1773 2065 emisit.

981 2066 1048 2094 Erat
1063 2066 1223 2096 enmi'ante
1243 2069 1384 2096 inventam
1407 2070 1618 2104 typographiam
1636 2077 1668 2098 ea
1689 2072 1774 2100 libro-

981 2110 1043 2130 ruin
1056 2106 1237 2144 retraetatio,
1259 2109 1288 2133 ut
1312 2106 1393 2140 longe
1409 2105 1526 2138 facilior,
1546 2106 1586 2132 ita
1603 2107 1691 2134 multo
1716 2107 1774 2136 fro-

980 2142 1119 2172 queiitior.

1016 2174 1088 2207 Quin
1106 2183 1156 2211 ego
1168 2177 1237 2212 ipse,
1250 2178 1305 2206 nisi
1320 2178 1506 2215 typographiai
1522 2185 1583 2205 mea
1597 2177 1679 2214 582
1694 2185 1772 2206 com-

980 2210 1090 2250 mittere
1104 2210 1276 2250 siatuiswui,
1291 2210 1339 2242 aui
1349 2210 1444 2250 poiqu
1452 2215 1475 2241 si
1492 2214 1566 2241 nulla
1581 2210 1679 2241 iiiis—sa
1696 2219 1773 2249 typo-

981 2246 1107 2283 graphia,
1121 2248 1213 2276 multis
1230 2246 1287 2283 jain
1303 2246 1383 2276 annis
1408 2249 1495 2276 Vitam
1516 2251 1586 2278 hanc
1606 2249 1694 2277 sancti
1706 2246 1773 2277 Uiu-

151 2285 239 2318 carpi,
267 2290 325 2318 cap.
355 2283 381 2315 '1,
405 2284 454 2310 sub
482 2283 569 2320 l‘lerva
599 2285 665 2318 imp.
692 2290 754 2311 esse
780 2281 927 2320 mortuum,
943 2283 967 2311 D
982 2281 1053 2314 Itysii
1063 2286 1092 2308 et
1106 2281 1239 2317 quasdam
1253 2284 1323 2312 alias
1338 2286 1365 2312 in
1381 2284 1469 2312 lucent
1481 2286 1557 2313 exire
1572 2285 1771 2320 permisissem,

151 2326 249 2352 nempe
266 2319 292 2345 id
312 2322 458 2345 attestante
481 2318 512 2346 Β.
527 2319 682 2353 Polycrate,
706 2320 819 2346 secundi
836 2319 929 2345 saeculi

151 2354 294 2388 scriptore,
311 2359 339 2381 et
351 2355 472 2388 ejusdem
486 2354 626 2388 Ephesium
640 2354 778 2386 Ecclesiae,
789 2355 865 2388 cujus
879 2354 930 2380 fuit

150 2390 209 2423 ipse
218 2389 385 2422 Timotheus,
395 2391 521 2423 pontifice
531 2397 539 2421 ;
548 2397 595 2423 qui
609 2391 680 2417 haud
695 2390 776 2416 dubie
785 2396 816 2415 ea
827 2397 886 2423 quae
896 2390 930 2416 de

151 2423 285 2452 'l'iinotliei
301 2432 414 2452 excessu
435 2426 558 2459 scripsit,
575 2432 609 2451 ex
629 2426 696 2459 ipsis
712 2424 785 2451 illius
801 2424 930 2451 Ecclesiae

151 2460 251 2487 tabulis
273 2461 427 2494 exsci'.psit.
446 2460 515 2487 Nam
540 2468 623 2487 moris
645 2466 702 2487 tum
724 2460 777 2486 fuit
798 2459 930 2487 Ecclesiis

151 2495 208 2530 (qui
222 2503 280 2522 nios
291 2497 426 2530 hodieque
440 2499 605 2530 perseverat)
617 2496 805 2530 episcoporum
817 2502 928 2522 suorum

150 2536 246 2557 notare
263 2537 291 2558 et
308 2532 497 2558 successiones
508 2532 733 2566 singulorumque
750 2530 890 2565 ingressus
903 2536 930 2557 et

150 2568 250 2599 obitus,
266 2574 317 2594 nec
333 2574 419 2593 annos
431 2572 546 2598 tantum,
558 2569 607 2594 sed
623 2567 705 2593 etiam
721 2566 779 2593 dies
792 2570 929 2592 interdum

151 2603 224 2635 ipsos
242 2602 329 2629 sacris
346 2603 477 2629 mandare
492 2602 601 2629 tabulis.
616 2601 701 2629 Miror
719 2601 832 2636 proinde
847 2600 929 2628 Biva-

150 2643 221 2662 riuiii
247 2639 356 2664 trahere
379 2637 551 2671 Polycratem
571 2639 598 2664 iii
620 2645 684 2665 suas
705 2643 812 2672 partes;
830 2638 884 2663 imo
901 2641 929 2664 et

150 2672 214 2698 illud
230 2679 339 2707 quoque
350 2674 437 2706 magis
449 2673 578 2706 demiror,
595 2674 683 2707 ipsum
698 2680 795 2699 vocare
806 2672 931 2706 Polycra-

149 2711 203 2734 tem
223 2708 384 2742 discipulum
399 2709 429 2734 5.
441 2708 555 2736 Joannis
569 2709 697 2743 apostoli,
712 2715 775 2736 cum
798 2714 871 2734 inter
884 2715 931 2735 eos

149 2750 231 2770 unum
246 2746 303 2770 fere
318 2743 472 2771 interfuerit
485 2745 625 2772 saeculum.

184 2778 276 2813 Neque
293 2780 357 2806 item
369 2779 397 2805 in
412 2787 445 2806 eo
458 2782 584 2807 assentiri
595 2779 703 2807 Bivario
717 2786 840 2813 possum,
856 2778 931 2813 quod

148 2813 284 2842 Timothei
310 2815 406 2847 Vitam,
423 2823 483 2849 qua:
498 2821 589 2843 exstat
612 2815 684 2850 apud
706 2815 928 2849 Metapnrastein,

148 2855 224 2886 putet
242 2858 302 2877 esse
324 2858 384 2877 eam
407 2853 588 2886 (ιιιωβυι-ψιιι
609 2858 646 2878 sn
661 2859 677 2878 a
691 2850 846 2886 Polycrate,
867 2857 930 2886 cuin

149 2885 226 2911 valde
241 2887 313 2912 inter
337 2894 367 2913 se
385 2884 513 2915 diti-erant
529 2884 581 2913 {et
597 2888 650 2914 ista
668 2884 778 2920 quidem
797 2884 928 2912 nonnulla

149 2922 294 2954 contineat,
310 2930 371 2956 qua:
382 2924 475 2950 multis
486 2928 548 2957 post
564 2922 734 2959 Polycratem
744 2922 853 2950 seculis
864 2928 929 2950 cuii-

287 2975 423 3007 ΡΑτιιοι..
440 2976 499 3007 Gn.
520 2977 573 3008 ιν.

982 2322 1057 2357 ελιιιιε⁸
1070 2325 1143 2357 nunc
1158 2319 1313 2357 cdoAlonge
1330 2319 1691 2357 retraetatioresirDeuique
1713 2321 1773 2355 ipse

981 2350 1093 2392 lt‘lavius
1103 2353 1203 2382 Lucius
1215 2350 1317 2383 Dext'er
1332 2356 1517 2392 omnimodani
1528 2350 1678 2383 Historiam
1693 2350 1771 2382 su'ain

981 2387 1024 2426 (ut
1049 2387 1165 2421 ipsemet
1183 2395 1228 2426 est
1252 2391 1470 2426 auctor),primo
1494 2391 1596 2423 emisit,
1619 2395 1648 2417 et
1675 2397 1772 2418 sancto

981 2419 1149 2458 Hieronymo
1173 2425 1312 2454 dedicavit
1337 2419 1391 2453 non
1417 2427 1563 2453 admodum
1589 2419 1770 2460 locupletem,

981 2463 1078 2491 postea
1100 2465 1191 2487 autem
1218 2471 1227 2487 ι
1247 2461 1340 2489 multis
1362 2461 1443 2493 locis,
1472 2466 1502 2488 ut
1526 2462 1644 2495 ipsemet
1663 2463 1770 2494 scribit,

981 2497 1092 2522 auctam
1112 2495 1362 2532 locupletatainque
1377 2504 1515 2532 )WI'IH'SUIII
1530 2496 1626 2530 edidit,
1641 2501 1725 2531 atque
1742 2498 1771 2524 in

981 2534 1014 2554 ea
1036 2533 1143 2564 tempus
1160 2533 1257 2560 mortis
1283 2531 1367 2566 ipsius
1385 2531 1544 2566 Hieronymi
1569 2533 1727 2566 descripsit,
1745 2537 1773 2558 et

982 2565 1107 2604 quaedam
1123 2566 1188 2604 alia,
1211 2576 1271 2603 quae
1286 2565 1349 2603 post
1370 2565 1574 2604 ejusﬂniortoni
1597 2565 1771 2595 acciderunt.

982 2601 1155 2638 §ic_au_teiu
1176 2601 1368 2638 locupletatam
1392 2602 1529 2630 dedicavit
1556 2604 1646 2635 alteri,
1673 2610 1771 2637 nempe

981 2632 1066 2673 ~Paulo
1079 2636 1193 2674 Orosio,
1208 2632 1368 2674 presbytero
1390 2638 1600 2674 Tarraconensi.
1625 2632 1772 2665 Faciamus

982 2675 1065 2702 igitur
1082 2673 1166 2707 (quod
1182 2673 1240 2701 fieri
1260 2673 1358 2709 potuit,
1374 2678 1402 2701 et
1423 2673 1493 2700 forte
1513 2675 1618 2709 debmt)
1639 2674 1771 2700 Dextrum

981 2713 1037 2732 non
1057 2713 1179 2744 mutasse
1202 2710 1346 2744 epistolam
1371 2709 1587 2742 dedicatoriam;
1609 2717 1643 2735 an
1668 2715 1701 2734 ex
1726 2715 1770 2740 eo,

981 2743 1055 2779 quod
1071 2743 1097 2769 ιι.
1112 2743 1164 2770 isto
1179 2743 1261 2779 opere
1276 2747 1353 2772 lieret
1373 2744 1470 2771 mortis
1485 2745 1573 2771 sancti
1596 2743 1769 2777 Hieronymi,

981 2782 1010 2803 et
1024 2778 1140 2805 aliorum
1156 2782 1204 2814 qui
1217 2786 1281 2815 post
1300 2788 1363 2808 eum
1376 2779 1498 2811 fuerunt,
1512 2779 1624 2815 mentio,
1645 2781 1714 2806 bene
1726 2785 1772 2815 se-

983 2819 1125 2847 queretur,
1151 2814 1226 2842 illuni
1247 2815 1455 2850 Hieronymum,
1478 2814 1521 2841 cui
1544 2814 1612 2850 liber
1628 2814 1674 2841 ille
1695 2814 1772 2841 dedi-

982 2853 1059 2875 catus
1082 2850 1231 2883 legeretur,
1256 2859 1310 2878 non
1330 2849 1392 2878 esse
1419 2854 1546 2876 sanctum
1572 2849 1770 2884 Hieronymum

983 2886 1181 2920 Presbyterum,
1198 2887 1246 2914 sed
1261 2887 1381 2920 aliquem
1404 2885 1502 2920 alium,
1515 2891 1548 2912 eo
1575 2885 1685 2912 nomine
1710 2891 1771 2911 esse

983 2919 1196 2952 tequii'eudum?
1209 2919 1321 2951 Minime
1334 2920 1469 2956 gentium.
1484 2919 1540 2948 Cur
1564 2927 1631 2955 ergo
1656 2921 1729 2949 idem
1743 2928 1771 2946 in

1597 2968 1635 2997 30
