1929 3092
192 169 245 196 959

589 170 630 197 DE
650 170 678 198 S.
698 169 845 198 DIONYS"
863 170 1093 199 AREDPAGITIE
1110 170 1190 198 VITA
1207 169 1250 197 ET
1268 170 1423 198 SCRIPTIS

1774 171 1827 198 950

195 229 322 266 Dionysio
339 237 393 266 non
408 229 538 261 dicimus.
557 232 629 265 qttod
644 232 671 258 in
688 231 788 259 Dextro
802 231 853 258 dici
871 231 980 266 potest?
993 233 1017 262 Α
1030 231 1110 258 Prius
1128 231 1201 258 enim
1226 231 1292 258 mihi
1318 231 1352 258 ab
1375 231 1420 258 illo
1446 230 1575 266 quiddam
1601 230 1731 266 concedi,
1748 231 1822 263 volo,

194 264 294 298 Ecquis
305 265 378 291 enim
390 269 443 297 est,
457 271 504 292 aut
523 264 584 298 fuit,
605 271 649 293 aut
665 267 717 294 erit
734 264 976 300 (seposita'Dextri

194 299 369 335 auctoritate)
384 300 430 334 qui
444 302 533 327 audita
550 302 735 335 inscriptione,
748 299 788 328 Αᾱ
803 300 976 335 Timotheum,

194 309 369 335 auctoritate)
384 309 430 334 qul
444 309 533 327 ειυιιιιει
550 309 630 328 ιηεειι
653 309 735 332 ιιοιιε,
748 309 786 328 Αα
805 309 975 335 timatneum,

194 342 249 371 non
267 334 360 361 statim
383 335 461 371 illum
478 336 611 371 intelligat
629 309 813 368 'Fimotheum,
834 337 878 370 qui
897 336 975 363 abso—

194 369 251 397 lute
264 374 292 396 et
315 377 368 396 non
384 370 464 397 aliter
479 369 737 404 quam‘Timolheus
756 369 907 405 appellatus
926 371 979 398 sit?

195 405 347 439 prtesertim
365 405 388 431 si
411 410 569 441 argumenta
585 407 687 439 omnia,
705 414 765 441 qua:
784 410 879 432 contra
894 405 977 440 objici

196 445 329 474 possunt,
350 440 492 476 commode
511 441 669 468 dilnantur?
691 440 774 476 Atqui
795 445 822 467 et
847 441 882 467 ab
917 441 979 476 aliis

196 481 260 502 ante
275 481 333 507 nos,
350 474 444 502 saltem
457 481 593 510 exparte,
609 481 691 510 atque
702 484 716 502 a
735 474 815 503 nobis
830 477 913 503 etiam
931 475 979 503 ali-

196 510 303 543 quoties
315 514 341 536 et
356 509 464 543 quidem
479 509 585 544 plenius
597 511 622 537 id
634 509 677 537 eI-t
691 511 802 538 factum.
816 511 860 542 Et,
875 518 977 544 quaeso,

195 545 299 579 indicet
326 545 451 571 sincerus
476 545 573 578 lector,
599 551 688 572 utrttttt
714 546 750 573 sit
773 546 939 580 probabilius
969 554 975 571 :

197 580 390 614 Dionysiumtte
401 580 593 615 Arcopagitam
615 581 712 607 librum
729 589 809 608 sttutn
822 581 861 608 De
877 581 978 608 Divinis

196 615 346 642 nominibus
377 615 522 649 scripsisse
551 624 622 643 anno
650 616 712 644 vine
743 623 799 644 suae
826 617 978 644 centesimo

194 650 283 684 pritno
298 653 345 686 aut
358 650 488 682 secundo,
501 658 536 677 an
551 658 617 678 vero
629 650 768 685 aiiquanto
777 655 842 678 ante
857 656 977 686 tempore

195 684 392 720 composuisse,
420 692 467 712 seu
488 686 587 720 prima,
607 684 680 720 quod
700 687 788 719 aiunt,
811 694 891 713 manu
912 684 978 712 cor-

195 727 246 753 pus
270 720 359 753 ipsutn
375 719 436 747 libri
455 719 584 748 exarasse
604 719 713 755 (nempe
726 728 796 749 anno
819 721 908 749 astatis
922 721 978 748 cir-

196 755 266 781 citer
279 755 491 791 septuagesimo,
508 764 562 790 quo
574 756 736 791 integriores
751 756 788 783 illi
803 757 875 783 vires
889 762 977 789 erant,

195 795 223 816 et
239 796 293 823 quo
310 790 366 823 ipse
383 790 530 831 vivebatet
543 790 651 831 vigebat
668 790 852 831 Timotheus),
867 791 914 818 sed
931 792 979 818 de-

195 831 269 850 ntunt
282 831 354 859 anno
365 825 453 852 relatis
467 826 528 859 plus
543 825 632 853 minus
644 827 804 859 centesimo,
817 827 844 854 id
861 831 976 859 tantum,

195 859 268 893 quod
284 858 390 896 [acilius
403 858 474 896 erat,
488 861 650 895 perfecisse,
671 862 721 888 ltoc
733 867 774 888 est
800 865 911 896 accepta
922 858 978 895 jam

195 900 223 921 et
231 894 360 931 perfecta
369 894 507 931 utriusque
517 901 570 923 tam
585 896 783 931 Apocalypseos
796 894 876 931 quani
889 894 978 923 Evan-

195 929 257 964 gelii
275 930 361 965 sancti
387 929 498 957 Joannis
523 929 649 964 historia,
667 929 734 959 locis
754 929 816 958 inde
831 933 980 965 assumptis

196 964 343 1001 adauxisse
357 968 384 991 et
398 965 594 1000 locupletasse:
611 967 761 1001 praesertim
781 973 842 993 cum
857 966 905 999 ipsi
922 964 979 994 fere

196 999 282 1026 libros
290 1003 408 1031 nostros,
423 1007 473 1027 non
484 1002 573 1027 ntitttts
581 999 661 1035 quam
672 1007 800 1036 parentes
812 1001 923 1034 liberos,
933 1002 980 1028 ad-

197 1041 322 1071 amentus
332 1040 455 1071 tetcutn
469 1042 563 1062 eorum
573 1037 723 1071 proiectum
734 1041 760 1064 et
772 1036 978 1071 perfectionem,

197 1070 283 1106 magis
292 1069 406 1096 subinde
416 1071 560 1106 quatniilli,
574 1069 630 1098 tam
639 1071 737 1098 diurno
749 1069 831 1106 quam
846 1076 980 1099 nocturno

196 1105 288 1132 studio
299 1112 484 1141 procurentus.
498 1105 590 1141 Neque
599 1113 662 1133 vero
670 1105 842 1138 ontnisitetas,
852 1106 980 1134 utliberis

196 1140 349 1174 gignendis,
364 1141 489 1168 siclibris
499 1142 611 1169 edendis
632 1147 673 1169 est
689 1141 798 1169 idonea.
817 1141 885 1169 Hinc
907 1147 981 1170 recte

196 1173 237 1201 EI;
250 1173 353 1206 Varro,
371 1183 437 1202 cuttt
460 1176 492 1202 de
511 1177 602 1210 quiete
627 1185 642 1203 a
664 1177 810 1204 scribendo
831 1177 980 1210 cogitaret,

198 1220 209 1236 ι
228 1210 398 1246 Annusme,
417 1210 568 1244 inquiebat,
591 1213 776 1246 octogesimus
798 1212 934 1244 admonet,
952 1218 980 1240 ut

196 1252 261 1272 vasa
277 1245 413 1282 colligant.
428 1246 457 1272 Si
478 1247 550 1273 enim
567 1247 647 1274 honto
659 1245 752 1280 "bulla,
774 1251 876 1282 quanto
892 1248 980 1282 magis

195 1280 298 1307 senex?
313 1289 322 1305 ι
333 1280 408 1312 Quod
423 1286 513 1308 autem
528 1282 594 1313 diti,
610 1280 790 1310 Franciscunf
800 1280 978 1310 Bivariuttfin

198 1323 230 1342 ea
251 1322 312 1342 esse
325 1316 473 1347 sententia,
487 1321 514 1342 ut
529 1321 621 1344 teneat
642 1318 802 1352 Dionysium
818 1317 903 1345 libros
915 1326 980 1345 suos

196 1351 341 1384 scripsisse
366 1358 438 1387 anno
460 1352 548 1387 aetatis
572 1360 628 1379 sua:
654 1351 804 1379 centesimo
827 1353 926 1387 prituo,
953 1354 978 1380 id

197 1388 331 1420 ptobatur
343 1392 378 1412 ex
393 1386 453 1413 istis
474 1386 534 1420 ejus
551 1388 643 1415 verbis
668 1389 695 1415 in
719 1386 923 1416 Commentario
945 1388 979 1415 ad

197 1422 340 1452 Dextrum,
357 1427 428 1457 anno
450 1422 554 1449 Christi
571 1424 732 1455 centesimo.
748 1431 809 1457 pag.
825 1422 879 1449 202
892 1429 898 1447 :
911 1432 920 1448 ι
939 1424 979 1450 Ad

196 1456 312 1487 calcem,
324 1456 424 1490 inquit,
438 1464 549 1484 monere
563 1465 704 1485 necessum
720 1456 770 1489 est,
784 1456 837 1485 non
853 1458 913 1485 ideo
928 1459 980 1486 hoc

198 1497 274 1528 anno
282 1491 436 1519 centesimo
455 1493 543 1526 egisse
558 1493 688 1520 Dextrum
705 1494 738 1520 de
751 1493 829 1520 libris
844 1493 978 1528 Dionysii,

198 1526 276 1563 quasi
291 1534 323 1553 eo
337 1533 408 1563 anno
424 1528 519 1559 scrtpti
533 1529 604 1561 sint;
617 1533 724 1555 constat
735 1530 820 1560 enim.
835 1534 895 1563 post
915 1526 980 1556 cen-

198 1561 481 1598 tesituuttt_decimmn
505 1564 638 1598 martyrio
665 1564 693 1590 S.
721 1563 820 1598 lgnatii
835 1561 978 1591 'celehretn

197 1596 316 1634 scriptos
326 1596 428 1634 fuisse;
442 1598 489 1625 sed
504 1598 568 1632 quia
577 1596 664 1626 semel
678 1598 712 1626 de
722 1596 851 1634 Dionysio
866 1604 893 1626 et
906 1599 977 1626 Mar-

197 1631 266 1668 cello
285 1631 404 1666 Eugenio
432 1631 586 1661 sermonem
608 1634 718 1667 inierat,
743 1631 846 1668 placuit
868 1635 920 1662 hoc
942 1635 977 1662 de

197 1666 252 1693 illis
264 1667 398 1700 inserere,
411 1669 561 1702 prtesertitn
576 1670 640 1702 quia
658 1666 788 1696 nondixit
803 1670 854 1697 hoc
866 1677 937 1696 anno
950 1670 977 1697 id

197 1703 342 1740 accidisse,
359 1704 412 1730 sed
426 1710 478 1740 per,
491 1705 542 1731 ltoc
561 1709 678 1740 tetnpus,
695 1705 822 1731 nitntrutn
842 1706 977 1740 principio

197 1737 311 1764 secundi
331 1739 480 1764 centenarii
501 1737 638 1766 annorqu
661 1740 761 1766 Chrtsli
777 1737 895 1767 Domini.
913 1737 977 1767 »Ει

198 1773 297 1810 quibus
308 1773 399 1810 verbis
413 1774 569 1801 necessario
580 1775 726 1809 colligitur,
744 1775 900 1810 Dionysium
916 1777 978 1802 illos

199 1808 282 1835 libros
295 1808 439 1846 scripsisse
460 1816 534 1846 anno
551 1808 713 1838 aetatis’sua:
728 1808 877 1846 centesimo
890 1812 977 1846 primo

198 1847 245 1869 aut
257 1847 387 1870 secundo.
401 1843 468 1870 Nam
486 1844 629 1879 Dionysius
645 1845 740 1879 viginti
759 1846 880 1880 quinque
890 1843 978 1872 anno-

199 1886 258 1905 rutu
273 1883 332 1915 erat
351 1883 472 1915 tempore
494 1881 628 1914 passionis
641 1880 744 1908 Christi
758 1885 800 1915 tut
818 1882 933 1915 ipsemet
945 1882 979 1907 de

199 1921 229 1951 se
244 1914 341 1951 scribit
358 1914 501 1951 Dionysius
524 1916 551 1942 ιιι
566 1916 680 1949 epistola
693 1916 728 1942 ad
748 1914 976 1951 Apollophanem)

199 1950 238 1975 ita
256 1954 290 1986 Aut
312 1949 438 1976 Christus
464 1950 625 1986 Dianysiutu
652 1956 742 1983 aetate,
770 1949 798 1978 ut
823 1949 977 1985 summum,

198 1983 279 2012 annis
302 1992 398 2011 ttovetu
419 1983 612 2017 antecederet;
635 1990 674 2013 tot
696 1987 770 2012 ettittt
788 1987 856 2018 fere,
873 1991 901 2012 et
925 1983 978 2013 non

199 2019 302 2055 plures,
326 2019 462 2047 intersunt
481 2021 553 2047 inter
575 2021 739 2055 vigesimum
762 2023 886 2056 quintutn
915 2021 980 2049 Dio-

198 2055 281 2090 nysii,
294 2059 322 2081 et
337 2056 508 2090 trigesimum
520 2056 630 2083 tertium
647 2061 696 2084 aut
709 2057 878 2090 trigesimum
896 2063 980 2091 quar-

198 2095 254 2117 tum
270 2090 382 2118 Chri5ti.

235 2127 264 2152 δι
279 2133 343 2159 ergo
357 2125 500 2162 Dionysius
515 2127 623 2161 scripsit
638 2126 722 2154 libros
736 2125 774 2153 De
787 2126 881 2154 diuinis
894 2127 980 2154 nomi-

199 2161 277 2196 nibus
289 2165 348 2195 post
360 2161 460 2188 annum
475 2161 579 2189 Christt
595 2163 772 2190 centesimum
789 2164 938 2196 decnuutn,
952 2167 982 2190 ut

199 2196 258 2232 vult
270 2195 408 2229 Bivarius,
422 2202 497 2225 certe
517 2198 628 2232 scripsit
643 2205 716 2225 anno
735 2198 824 2224 aetatis
843 2204 901 2225 sua:
915 2195 981 2225 cen-

200 2231 297 2258 tesimo
307 2234 427 2259 secundo
441 2239 449 2258 :
465 2241 528 2259 nam
545 2231 634 2260 annus
645 2233 811 2260 centesitnus
822 2234 980 2260 undecimus

199 2266 319 2304 Christi,
340 2272 382 2294 est
410 2268 532 2304 Dionysii
559 2269 729 2304 centesimus
747 2269 894 2295 secundus.
919 2267 978 2295 Jatu

200 2308 265 2338 vero
278 2303 321 2328 cui
337 2308 429 2336 potest
449 2306 534 2330 vtueri
553 2304 705 2338 probabile,
723 2303 879 2338 Dionysium
896 2304 980 2330 libros

200 2336 261 2371 illos
269 2344 411 2371 scripsisse
425 2346 497 2365 anno
509 2336 598 2366 aetatis
611 2347 667 2365 sua:
678 2336 827 2366 centesimo
839 2339 980 2365 secundo?

200 2370 280 2398 Altus
297 2370 334 2398 illi
352 2374 458 2399 scilicet
482 2375 612 2400 librurtttn
636 2374 755 2401 fecunda
772 2379 827 2401 est.
849 2375 882 2400 hit
897 2375 920 2401 si
945 2374 980 2400 lt-

200 2408 279 2433 btutn
294 2407 331 2433 De
345 2408 440 2434 diuinis
454 2409 601 2435 nominibus
614 2411 724 2443 scripsit
738 2417 809 2436 anno
826 2410 912 2436 (Elatia
925 2417 980 2436 suae

199 2446 349 2479 centesimo
376 2444 507 2479 secundo,
533 2445 630 2471 libruut
658 2445 697 2471 De
717 2445 827 2478 mystica
850 2444 980 2479 theologia

199 2477 304 2514 quoto?
324 2484 387 2504 nam
414 2478 487 2505 hunc
511 2480 652 2513 scripsisse
679 2477 751 2514 post,
765 2480 850 2511 illutn,
868 2477 980 2513 prorsus

200 2511 287 2548 liquet
298 2520 305 2544 ;
318 2519 380 2539 cum
394 2514 484 2548 capite
499 2511 581 2541 tertio
599 2515 660 2541 libri
677 2511 716 2541 De
728 2516 838 2548 mystica
849 2511 979 2548 tlieotogia

202 2547 239 2573 ita
253 2549 355 2574 scribat
369 2555 377 2574 :
394 2547 428 2574 In
445 2549 513 2575 libro
532 2555 619 2575 autent
642 2550 680 2577 De
694 2547 794 2576 divinis
811 2547 976 2582 ttotttinibus,

200 2585 331 2616 quomodo
350 2584 431 2610 bonus
447 2584 592 2618 appelletur
613 2585 696 2618 tlteus
714 2585 830 2619 Setltcet)
849 2585 978 2618 quomodo

201 2626 258 2649 cm,
272 2619 402 2652 quomodo
419 2624 481 2650 vita,
499 2619 638 2652 sapientia,
657 2622 750 2651 uirtus,
761 2625 785 2646 et
799 2622 933 2654 atia,qua:
943 2620 978 2645 ad

201 2656 352 2690 divinorum
371 2655 506 2680 nominum
523 2659 650 2688 pertinent
673 2655 884 2690 ittteitigenttatn,
905 2654 978 2681 dixt—

201 2696 271 2714 ntus.
293 2689 322 2715 lu
347 2689 430 2724 hasce
453 2690 581 2715 videlicet
603 2690 724 2718 salebras
745 2689 776 2718 se
798 2693 907 2722 indunt,
932 2691 979 2724 qui

203 2731 284 2749 unam
299 2724 367 2750 heatt
382 2723 476 2758 lgnatii
496 2725 624 2759 martyris
638 2732 802 2752 sententiam
817 2725 880 2759 alio,
896 2723 978 2760 quam

202 2764 336 2794 oporteat,
351 2767 432 2786 sensu
448 2760 571 2794 capiunt,
585 2765 613 2786 et
625 2761 671 2794 qui
685 2761 756 2788 tnale
772 2762 906 2788 intrusant
918 2768 978 2788 esse

203 2793 230 2831 in
249 2795 415 2831 Dionysium,
430 2802 482 2820 ttott
495 2800 584 2822 ament
603 2803 617 2821 a
630 2793 758 2830 Dionysio
767 2798 908 2831 scriptam,
924 2804 977 2823 non

203 2829 366 2863 intelligunt.
388 2831 421 2855 ιιι
441 2831 498 2857 hac
519 2835 572 2863 est,
586 2839 668 2865 quam
692 2829 763 2858 idem
787 2829 910 2860 Divarius
928 2840 978 2866 pro

203 2869 322 2901 secundo
337 2866 479 2892 adversum
503 2873 552 2893 nos
576 2873 747 2901 argumento,
772 2868 844 2894 velut
865 2868 977 2901 inexpu-

203 2899 339 2932 gnabilem
353 2902 517 2936 machinam,
532 2899 674 2939 admovet;
688 2903 721 2930 de
736 2910 788 2938 qua
800 2911 862 2932 mox
876 2899 976 2931 dicam.

1032 266 1103 300 quod
1114 266 1187 299 juste
1202 273 1330 293 recusare
1354 273 1407 292 non
1427 269 1528 300 potest.
1543 265 1612 292 Nam
1629 273 1694 292 cum
1720 265 1824 293 Dexter

1030 300 1111 336 583
1126 300 1159 327 ad
1175 308 1276 327 annum
1291 300 1392 328 Christi
1410 301 1593 336 centesimum
1615 305 1695 336 notet
1716 300 1825 336 Diony-

1029 335 1101 363 sium
1116 343 1163 370 per
1175 336 1227 363 ltoc
1248 341 1356 370 tempus
1368 336 1475 363 dicasse
1489 335 1591 362 librum
1609 335 1648 362 De
1665 335 1763 362 divinis
1774 335 1823 362 ub-

1029 371 1147 398 minibus
1161 370 1318 398 Timotheo:
1333 371 1390 406 ipse
1402 370 1529 406 Bivarius
1546 370 1613 396 illud
1627 378 1677 405 per
1691 370 1742 396 Itoc
1752 375 1821 397 tem—

1027 414 1077 438 pus
1089 405 1145 432 vult
1157 413 1211 432 non
1222 405 1380 441 signiﬁcare
1392 405 1440 433 illo
1451 406 1577 433 restricte
1585 412 1670 436 anno,
1681 406 1730 432 sed
1738 412 1823 439 posse

1028 441 1063 468 ad
1078 440 1203 468 undecim
1221 440 1308 468 annos
1331 441 1356 468 in
1383 446 1491 474 tempus
1513 445 1655 475 posterum
1679 442 1818 474 protrahi.

1029 475 1065 502 ita
1081 482 1110 502 ut
1126 476 1196 502 idern
1211 477 1247 503 sit
1259 481 1341 510 atque
1363 477 1386 502 si
1409 474 1523 507 diceret,
1537 482 1610 502 anno
1632 474 1737 502 Christi
1755 483 1820 502 cen-

1030 511 1140 537 tesimo.
1154 510 1240 545 igitur
1256 511 1290 537 ab
1314 511 1361 538 illo
1383 511 1503 538 vicissim
1524 515 1599 544 peto,
1619 514 1650 536 ttt
1670 510 1743 537 sicut
1759 511 1820 546 ipse

1029 546 1167 579 protrahit
1184 547 1217 573 ad
1241 546 1367 573 undecim
1391 553 1477 572 annos
1494 545 1521 572 in
1541 551 1648 580 tempus
1660 546 1799 579 posterius
1810 566 1818 577 ,

1029 580 1067 607 ita
1091 581 1157 607 ntilti
1180 580 1264 608 liceat
1279 581 1312 607 ad
1339 581 1464 607 undecim
1481 587 1568 606 annos
1588 581 1614 606 i‘n
1631 581 1710 614 prius
1726 586 1820 607 retra-

1029 616 1095 642 here
1109 623 1117 642 :
1137 616 1280 648 nimirum,
1296 621 1324 642 ut
1335 623 1382 649 per
1397 617 1446 642 hoc
1459 620 1561 649 tempus
1578 615 1715 649 signiticet
1728 617 1819 642 unde—

1029 651 1082 677 cim
1100 651 1180 677 annis
1191 656 1255 678 ante
1265 651 1366 678 Christi
1381 651 1572 683 centesimum,
1587 650 1633 684 qui
1646 650 1698 676 erit
1712 649 1819 677 Christi

1029 686 1211 719 octogesimus
1229 693 1329 717 nonus,
1344 691 1371 712 ct
1384 686 1533 713 Domitiani
1558 690 1665 716 sextus,
1681 690 1765 718 atque
1781 686 1819 711 ita

1029 720 1097 747 nihil
1117 727 1228 754 prorsus
1241 720 1372 753 obstabit,
1390 721 1456 755 quin
1471 725 1499 747 et
1514 719 1584 755 liber
1597 719 1642 746 itle
1668 719 1706 755 ρε
1719 721 1820 747 divinis

1030 753 1177 782 nominibus
1196 756 1314 790 potuerit
1324 762 1385 783 esse
1396 753 1502 782 dicatus
1515 754 1658 782 Timotheo
1671 753 1748 781 Pauli
1762 756 1819 782 dis-

1031 790 1134 824 cipulo,
1153 791 1241 825 prima
1257 791 1362 818 scilicet
1376 791 1574 825 compositione
1585 795 1614 816 et
1627 790 1818 823 dedicatiOne;

1029 831 1091 861 cum
1107 826 1173 861 satis
1188 830 1303 858 constet,
1316 825 1395 861 longe
1415 826 1586 861 post7(etiam
1606 825 1696 861 ipsius
1708 825 1820 853 confes-

1030 859 1108 886 sione
1119 860 1231 894 Bivarii)
1245 859 1381 887 mortuum
1396 859 1457 888 esse
1472 860 1657 887 Timotheum.
1673 859 1743 886 Nam
1756 861 1819 887 loca

1033 895 1171 928 Evangelii
1187 895 1301 923 Joannis
1314 901 1342 923 et.
1351 896 1552 931 Apocalypseos
1567 900 1630 931 post
1649 894 1712 922 libri
1731 901 1821 922 retra-

1032 930 1177 956 elationem
1191 938 1252 958 esse
1276 930 1383 964 addita;
1398 931 1451 964 iam
1476 930 1605 958 osmndi:
1624 937 1675 957 nec
1705 931 1819 962 obstare

1031 965 1120 991 locum
1136 965 1244 1000 lgnatii,
1260 966 1317 1001 jam
1336 966 1490 999 ostendam,
1505 969 1552 992 aut
1572 965 1690 999 digitum
1703 966 1817 999 saltem,

1031 1001 1103 1034 quod
1117 1000 1228 1034 dicitur,
1243 1000 1275 1027 ad
1293 1001 1394 1028 fontem
1410 1002 1558 1028 intendam.

1067 1036 1221 1062 Secundum
1242 1036 1323 1070 igitur
1338 1041 1529 1071 argumentum
1552 1035 1693 1063 Francisci
1713 1035 1817 1063 Bivasii

1031 1074 1084 1101 est,
1099 1072 1171 1104 quod
1187 1071 1216 1098 S.
1235 1071 1378 1106 Dionysius
1393 1079 1453 1106 cap.
1467 1071 1484 1098 4
1499 1071 1536 1097 De
1551 1071 1647 1098 divinis
1663 1071 1818 1105 nominibus

1030 1105 1096 1132 citet
1108 1106 1240 1141 lgnatium
1257 1115 1289 1133 ex
1305 1105 1429 1141 Epistola’
1445 1108 1478 1133 ad
1496 1106 1632 1133 Romanos
1646 1106 1751 1140 scripta
1765 1114 1816 1133 un-

1031 1140 1137 1167 decinto
1151 1140 1262 1176 Trajani
1276 1140 1359 1174 anno,
1374 1142 1476 1169 Christi
1489 1146 1580 1168 autem
1597 1143 1751 1168 centesimo
1770 1144 1818 1168 de-

1031 1176 1103 1202 citno
1121 1176 1162 1203 vel
1177 1178 1325 1204 centesimo
1340 1178 1495 1204 undecimo.
1519 1177 1570 1203 Cui
1588 1177 1818 1212 arguntentoﬂhic

1031 1218 1083 1237 ttott
1105 1212 1285 1247 respondebo,
1308 1213 1370 1246 quia
1397 1213 1472 1246 prius
1493 1219 1654 1246 responsum
1678 1216 1731 1238 est.
1750 1211 1818 1239 Vide

1031 1253 1113 1280 supra
1135 1247 1312 1281 quaestionem
1330 1248 1359 1274 il
1385 1248 1410 1274 ιιι
1432 1249 1610 1281 responsione
1625 1247 1658 1273 ad
1675 1252 1815 1280 quartum,

1031 1287 1059 1307 et
1079 1282 1104 1308 in
1122 1283 1323 1309 Commentario
1348 1289 1444 1309 nostro
1469 1283 1504 1309 ad
1528 1282 1625 1316 lgnatii
1650 1282 1816 1315 epistolam,

1032 1321 1114 1350 atque
1133 1317 1215 1344 etiam
1234 1318 1260 1344 itt
1277 1318 1466 1345 Notationibus
1481 1318 1515 1344 ad
1534 1318 1622 1344 Vitam
1640 1325 1647 1342 :
1666 1316 1720 1343 illis
1742 1318 1817 1344 enim

1032 1351 1100 1379 locis
1112 1352 1186 1380 clare
1200 1353 1383 1384 ostendimus,
1398 1359 1431 1380 cx
1447 1353 1493 1380 illo
1513 1352 1609 1387 lgnatii
1631 1351 1692 1378 loco
1711 1352 1817 1378 nullum

1031 1387 1137 1414 desumi
1155 1395 1234 1422 posse
1248 1392 1343 1416 contra
1358 1388 1442 1414 libros
1459 1387 1580 1422 Dionysii
1600 1392 1795 1421 argumentum
1809 1396 1815 1414 :

1031 1424 1251 1456 quandoquidem
1275 1423 1349 1449 illam
1373 1427 1553 1456 sententiam,
1582 1431 1591 1448 ι
1622 1424 1709 1448 Amor
1735 1430 1813 1449 meus

1030 1458 1179 1484 crucitlxus
1192 1462 1244 1489 est,
1260 1467 1269 1483 ι
1287 1465 1341 1485 ιιοιι
1355 1458 1485 1492 scriptatn
1502 1465 1564 1485 esse
1579 1464 1594 1483 a
1611 1457 1745 1492 Dionysio
1762 1458 1818 1491 (cui

1031 1493 1100 1519 nihil
1117 1494 1266 1555 potuisset?
1282 1495 1329 1520 sed
1345 1493 1476 1520 iutrusant
1497 1494 1522 1520 in
1539 1492 1700 1527 Dionysium
1714 1492 1750 1519 ab
1767 1496 1819 1520 ho-

1032 1529 1104 1554 mine
1119 1536 1215 1555 sensus
1232 1528 1249 1555 il
1264 1530 1304 1555 ius
1319 1529 1424 1555 innato.
1442 1533 1623 1555 ntonstratum
1637 1533 1691 1554 est.

1032 1529 1104 1554 mine
1119 1536 1215 1556 sensus
1232 1528 1304 1555 illius
1319 1529 1424 1562 ignaro,
1442 1533 1623 1555 tttonstratutn
1637 1533 1691 1554 est.

1067 1563 1142 1596 Quod
1158 1569 1248 1590 autent
1262 1571 1277 1590 a
1289 1564 1396 1590 Div-ario
1412 1563 1524 1590 affertur
1540 1565 1573 1590 de
1588 1562 1723 1598 periculo.
1741 1563 1817 1596 quod

1030 1604 1186 1626 sanctorum
1200 1599 1276 1626 libris
1290 1599 1440 1631 immineat,
1456 1601 1479 1626 si
1494 1599 1574 1625 liceat
1589 1598 1692 1631 aliquid
1704 1605 1819 1632 proprio

1031 1634 1117 1661 Marte
1131 1641 1163 1660 ex
1177 1634 1232 1661 illis
1247 1635 1307 1661 sine
1321 1634 1435 1667 alicujus
1450 1634 1555 1668 antiqui
1571 1633 1677 1660 codicis
1690 1637 1819 1659 testiino-

1031 1671 1077 1696 nio
1105 1670 1256 1702 abradere;
1277 1670 1493 1703 respondemus,
1520 1676 1572 1696 nos
1601 1669 1714 1702 proprio
1729 1668 1819 1694 Mane

1031 1712 1084 1731 ttott
1108 1704 1242 1732 abradere
1256 1724 1264 1738 ,
1291 1705 1340 1732 sed
1360 1705 1472 1731 omitino
1495 1703 1682 1731 abradettdum
1707 1703 1819 1730 ratione

1030 1740 1205 1767 convincere.
1219 1740 1298 1772 Eam,
1314 1739 1338 1767 si
1354 1740 1480 1774 dignetur
1492 1739 1550 1774 ipse
1563 1739 1686 1772 legendis
1699 1743 1818 1770 nostrttt,

1030 1776 1109 1813 sicut_
1121 1782 1172 1802 nos
1193 1776 1252 1813 suis
1264 1773 1396 1813 ,legendts
1418 1773 1700 1813 libettter_dedtut'us,_
1712 1774 1819 1813 aliquid

1032 1811 1111 1837 vacui
1137 1809 1272 1845 temporis
1295 1811 1426 1844 ttibuere,
1451 1809 1519 1837 locis
1539 1809 1596 1844 jam
1623 1809 1716 1835 citatis
1739 1809 1820 1836 inv:-

1031 1851 1097 1871 ιιιιςι.

1066 1879 1125 1906 Alia
1142 1887 1237 1907 rursus
1255 1880 1316 1907 bina
1333 1884 1492 1916 argumenta
1505 1887 1540 1907 ex
1552 1877 1619 1913 ipsis
1631 1877 1752 1913 Dionysii
1766 1886 1818 1913 pe-

1032 1917 1080 1942 tita
1097 1917 1174 1943 libris
1191 1916 1293 1950 profert
1317 1916 1345 1943 in
1368 1915 1496 1943 medium.
1521 1916 1643 1942 Primum
1664 1920 1719 1950 est,
1743 1915 1818 1948 quod

1032 1958 1094 1987 cum
1117 1949 1262 1986 Dionysius
1278 1952 1443 1983 sexcenties,
1469 1955 1499 1976 ut
1516 1950 1574 1987 ipse
1590 1950 1654 1987 ait,
1672 1949 1819 1987 alloquens

1032 1984 1217 2018 ‘limotheum,
1237 1987 1339 2013 referat
1356 1994 1388 2013 ex
1404 1991 1518 2019 utraque
1530 1985 1607 2011 Pauli
1622 1986 1656 2011 ad
1670 1991 1733 2022 eum
1748 1984 1819 2022 tapi-

1032 2021 1100 2058 stola
1116 2021 1275 2054 sententias,
1294 2029 1432 2058 nunquam
1447 2022 1532 2058 dicat,
1543 2026 1580 2058 _ttt
1597 2024 1670 2058 recte
1678 2019 1726 2044 tibi
1741 2019 1820 2058 ιίιω-

1031 2056 1072 2092 ius
1085 2057 1202 2090 scripsit,
1217 2062 1265 2083 aut
1279 2054 1368 2083 simile
1381 2056 1530 2091 quidpiam.
1543 2054 1818 2092 Respondeo,‘atiatu

1031 2091 1163 2118 ltbroruut
1185 2092 1232 2127 qui
1250 2092 1284 2118 ad
1303 2090 1401 2118 multos
1422 2096 1556 2126 spectant,
1572 2092 1661 2128 _altatu
1683 2090 1818 2128 epistola-

1033 2134 1091 2153 runt
1104 2134 1165 2161 qua:
1176 2122 1299 2162 singulos
1311 2122 1510 2162 tangutttfesse
1527 2126 1672 2152 rationem.
1689 2122 1717 2148 lit
1736 2124 1819 2163 libris

1031 2163 1081 2199 qui
1101 2164 1135 2188 ad
1155 2169 1251 2199 omnes
1273 2162 1436 2196 diriguntur,
1452 2168 1506 2199 non
1520 2165 1674 2199 estmons,
1690 2165 1755 2199 eum
1769 2162 1818 2185 cui

1031 2195 1131 2224 librum
1147 2198 1306 2225 dedicatnus
1323 2195 1539 2233 crebro_alloqui
1550 2213 1558 2226 ,
1572 2195 1629 2233 imo
1645 2201 1660 2219 a
1675 2195 1820 2233 plerisque

1033 2233 1172 2266 omnibus,
1185 2234 1238 2260 etsi
1254 2234 1325 2260 bona
1350 2240 1379 2260 se
1402 2230 1501 2258 oﬂerat
1520 2230 1637 2262 occasio,
1655 2232 1765 2254 tantum
1788 2230 1819 2255 in

1033 2268 1192 2302 praefatione
1208 2276 1256 2295 seu
1271 2268 1439 2295 dedtcaloria
1450 2266 1632 2302 epistolam;
1648 2265 1675 2290 itt
1689 2267 1819 2297 epistolis

1032 2300 1135 2335 autem,
1154 2311 1214 2337 qua:
1231 2306 1264 2330 ad
1283 2311 1367 2330 unum
1387 2306 1548 2338 exarautur,
1567 2300 1595 2327 id
1617 2301 1817 2338 liberattusnttt,

1031 2339 1096 2371 Qua:
1112 2335 1196 2372 igitur
1209 2338 1356 2373 Dionysius
1371 2339 1405 2364 ad
1419 2337 1592 2363 Timotheum
1609 2340 1732 2369 scripsit,
1754 2335 1818 2360 iibri

1030 2379 1094 2399 sunt
1108 2392 1117 2404 ,
1142 2381 1197 2400 tton
1223 2375 1354 2408 epistolis.
1384 2373 1545 2406 Hespondeo
1567 2375 1689 2398 secundo
1702 2388 1728 2408 ,m
1739 2373 1818 2395 salva

1030 2409 1171 2447 Francisci
1191 2405 1291 2436 Btvarii
1308 2405 1463 2447 pace,__rar_o
1484 2405 1820 2447 autnttunquatndltotty-

1030 2445 1100 2470 sium
1116 2445 1204 2471 citare
1219 2440 1370 2471 sententias
1384 2441 1462 2470 Pauli
1478 2448 1512 2480 ex
1527 2441 1656 2480 Epistolis
1670 2440 1705 2466 ad
1721 2440 1820 2480 :rllltu-

1031 2480 1135 2512 theum,
1161 2484 1225 2506 tunc
1247 2480 1352 2506 scilicet
1377 2477 1610 2512 cumialloquttur
1625 2475 1818 2512 Timotheum,

1030 2513 1111 2549 longe
1132 2514 1211 2551 abest
1226 2519 1262 2551 u_tA
1270 2515 1433 2551 sexcenties.
1453 2511 1495 2551 Et;
1508 2511 1581 2551 qugd
1595 2512 1662 2551 dicit
1679 2511 1760 2536 citari
1778 2511 1819 2535 to-

1030 2546 1092 2576 θυιιῖ
1110 2556 1144 2576 ex
1159 2549 1168 2576 l
1183 2551 1217 2576 ad
1232 2549 1403 2576 Timotheum
1419 2555 1446 2580 ι,
1464 2547 1495 2573 17
1513 2555 1521 2573 :
1537 2546 1600 2581 Regi
1619 2551 1708 2572 autem
1730 2553 1821 2571 δανει-

1030 2584 1116 2610 turum
1138 2585 1293 2618 immortali,
1320 2583 1461 2614 inuisibili,
1487 2587 1554 2614 etc.,
1582 2582 1660 2608 valde
1682 2583 1820 2618 audacter

1029 2620 1112 2651 diett,
1132 2627 1194 2655 cum
1222 2621 1248 2647 id
1273 2616 1327 2647 non
1350 2619 1484 2655 possit‘in
1509 2618 1639 2655 Dtouysto
1654 2616 1818 2655 ostendere.

1031 2655 1084 2682 Sed
1102 2663 1163 2682 cum
1180 2654 1235 2682 Rea;
1253 2655 1409 2682 mentorum
1426 2653 1462 2680 sit
1477 2659 1560 2679 uttuttt
1575 2660 1591 2678 e
1604 2653 1705 2678 divinis
1724 2657 1801 2677 nomt

1029 2692 1121 2723 nibus,
1146 2691 1212 2718 illud
1234 2698 1342 2725 quoque
1355 2689 1475 2724 cxplic-at
1490 2689 1519 2714 5.
1536 2687 1692 2726 Diuttysius,
1707 2694 1770 2747 cap:
1787 2686 1817 2717 5,

1030 2727 1076 2747 sint
1097 2733 1146 2747 nan
1161 2726 1245 2747 vitam
1259 2726 1351 2747 μειιιιιι.
1367 2732 1418 2747 net:
1433 2724 1522 2747 allatis
1542 2729 1601 2747 etus
1619 2726 1722 2747 verbis.
1767 2729 1816 2746 .itt-

1029 2727 1076 2752 sed
1096 2733 1146 2753 nec
1161 2724 1352 2757 citato’Paulo,
1367 2732 1418 2761 nec
1433 2724 1522 2761 allatis
1542 2724 1601 2761 ejus
1619 2726 1722 2761 verbis.
1741 2724 1816 2747 't‘.nt-

1030 2766 1086 2787 tunt
1107 2762 1179 2788 enim
1199 2762 1240 2788 sic
1258 2762 1324 2788 dicit
1341 2756 1405 2788 ἐΔιὸ
1421 2759 1468 2785 καὶ
1488 2757 1613 2792 βασιλεὺς
1634 2756 1743 2794 λέγετᾳι
1762 2764 1818 2794 stay

1028 2796 1150 2829 αἰώνων,
1173 2796 1210 2827 ὡς
1233 2797 1262 2822 ἐν
1285 2796 1373 2830 αὐτῷ,
1394 2796 1441 2820 καὶ
1463 2791 1524 2832 nep!
1547 2794 1638 2832 ausim.
1647 2791 1749 2832 παιςτὸς
1769 2791 1817 2832 ξοὺ

1028 2831 1097 2858 εἶναι
1108 2851 1115 2863 ,
1130 2826 1176 2857 iul
1191 2826 1321 2869 evrocha‘t
1336 2826 1514 2869 ὗῴεςξτηκὸτςιξ
1524 2848 1531 2860 ,
1549 2829 1596 2854 καὶ
1611 2827 1673 2869 obes
1689 2826 1735 2864 ἡν,
1753 2827 1819 2869 eius

1029 2867 1206 2903 Exemplis;
1227 2863 1363 2900 ἐγένετο(
1377 2863 1438 2891 obes
1462 2864 1584 2903 yivstat,
1610 2863 1673 2903 073:5
1691 2863 1818 2903 javr'lce-l

1029 2911 1083 2930 ται.
1109 2897 1178 2930 litin:
1200 2908 1222 2931 et
1242 2897 1296 2930 ita
1316 2897 1474 2931 twculorttni
1490 2901 1598 2933 dicitur,
1621 2899 1721 2934 inquit,
1744 2897 1817 2934 quod
