1918 3087
136 179 189 207 971

583 181 729 210 MARTINI
746 181 873 210 DELRIO
888 180 1050 209 VlNDlCIE
1066 178 1344 209 AREOPAGITICE.

1708 179 1761 209 978

136 236 497 281 imaginationerarpitrang.
507 240 636 281 etc._Quo
649 245 730 277 pacto
741 246 854 277 possent
870 242 923 269 ista
938 243 962 272 Α
975 242 1041 281 lium
1066 241 1125 275 ejus
1147 240 1434 281 ope_rationum,_guas_
1445 239 1581 281 videlicet
1588 246 1638 281 per
1649 240 1759 281 propria

136 273 249 309 probari
265 275 368 309 nostris
379 273 574 303 lconoclastis?

172 307 295 346 Denique
313 308 440 346 Nicolaus
468 318 536 344 papa
557 311 568 338 ι
584 312 617 339 ad
634 311 791 339 Micliaelem
821 312 918 346 imper.

136 345 277 385 perﬁdum
299 345 420 385 epistola
439 345 476 371 ita
501 345 575 372 illum
602 346 726 385 allatae:
748 356 757 372 ι
774 346 800 374 Si
831 347 920 385 adhuc

135 379 227 440 placet
242 379 345 413 aliquid
363 380 395 407 de
415 381 465 407 hoc
482 388 562 407 nosse
578 382 650 415 quod
669 382 796 414 delectet,
814 382 918 416 antiqni

160 413 229 440 atris
249 420 276 440 et
297 415 461 440 venerabilis
478 416 597 440 doctoris
614 417 781 440 Armnanim
800 417 918 440 Dionysii

160 413 229 452 atris
249 420 276 442 et
297 415 466 452 venerabilis
478 413 597 452 doctoris
614 417 781 451 Areopagitae
800 413 921 452 Dionysii

137 449 183 487 ad_
201 448 386 487 Deniophilum
411 451 493 487 verba
517 448 737 487 vobisrreciiar'i
762 448 919 487 praecipue;

137 484 184 518 qui
203 485 284 522 etiam
306 485 334 512 in
351 493 432 522 causa
449 485 559 522 pietatis
574 484 774 522 delinquenteiii
792 484 921 522 sacci-do-

137 523 192 555 tem
210 520 285 547 nefas
301 521 389 547 sancit
406 529 420 548 a
439 521 592 548 minoribus
613 520 665 548 vel
680 521 858 549 inferioribus
876 521 922 555 ju-

137 554 222 581 dicari
239 566 245 582 :
260 562 293 582 ne
304 555 356 591 hat
369 556 397 584 in
414 555 537 584 Ecclesia
552 556 599 584 Dei
611 557 713 591 aliquid
724 557 920 587 inordinatum,

137 594 166 616 et
182 594 269 617 status
285 590 344 625 ejus
368 591 396 618 in
421 591 512 625 aliquo
531 590 723 619 confundatur.
738 601 748 618 ι
767 591 854 619 Hodie
868 592 921 618 ista

138 625 252 662 epistola
269 626 427 662 inscribitur
444 626 602 662 Demophilo
619 629 786 662 therapeutae
802 627 868 660 (hoc
879 630 923 654 est

136 659 275 692 monacho,
292 661 354 688 vide
367 662 459 696 supra)
482 666 508 690 et
529 659 574 689 'est
595 659 772 697 epistolarum
800 661 921 697 Dionysii

139 702 253 731 numero
266 700 362 731 octava
381 705 387 722 :
406 697 432 723 in
449 704 501 730 qna
519 697 697 724 continentur
716 704 777 731 quae
793 697 860 724 citat
875 697 923 723 Ni-

136 728 229 756 cnlzius
246 738 254 758 :
270 731 309 758 οὺ
323 730 431 766 θεμιτὸν
445 728 518 767 ἱέρέα
532 732 599 793 ego;
612 732 665 759 τῶν
678 728 749 768 ὑπὲρ
761 732 790 758 σὲ
803 732 923 768 λειτουρ-

136 763 202 793 γῶν.
224 765 240 793 ἢ
261 765 315 791 τῶν
336 766 477 793 ὀμυταγῶν
497 775 537 793 σοι
571 767 729 793 εοαπευτῶν
752 767 922 793 εὐθύνεσθαι.

154 763 202 803 ῷν,
224 765 241 800 ἢ
261 765 315 791 τῶν
336 763 477 803 ὀιζιᾳταγῶκὶ
497 775 537 793 σοι
555 763 739 803 Βεραπευτῶν”
752 763 922 794 εὐθύνεσθσὶι.

166 804 223 833 alas
238 804 276 838 est
291 802 452 838 sacerdotem
467 811 482 828 α
493 802 680 832 Μὶηἱειὲὶωιει
691 803 735 838 qui
748 803 865 837 ejusdem
882 807 922 829 te—

136 843 195 861 cum
212 836 314 862 ordini:
329 840 390 862 sunt
411 837 583 871 tlterareutis,
595 836 726 872 judicari.

171 891 332 920 Testimonia
347 891 465 920 Liberali
480 893 556 928 Afri,
571 898 596 920 et
612 893 757 921 Deusdedit
771 894 886 929 episcopi

448 937 608 966 Caralitani.

172 984 289 1011 Produxi
319 989 401 1012 testes
423 985 546 1021 regi‘Asia
573 990 601 1013 et
627 986 754 1021 Europa,
771 986 919 1021 producam

134 1021 217 1047 etiam
244 1027 327 1047 unum
354 1027 390 1047 ex
415 1019 526 1054 Africa;
551 1021 664 1054 produxi
690 1019 724 1049 ex
750 1019 920 1055 continente,

134 1055 281 1089 producam
300 1062 382 1082 unum
394 1062 427 1082 ex
439 1055 526 1082 insula
545 1057 688 1084 Sardiniae.
700 1057 727 1083 In
740 1064 836 1084 omnes
847 1057 920 1084 enim

133 1090 209 1117 orbis
226 1095 328 1124 partes,
346 1097 394 1124 per
412 1094 512 1117 terram
529 1096 557 1118 et
569 1091 716 1125 Oceanum,
734 1092 792 1119 haec
809 1096 919 1119 senten—

135 1125 173 1152 tia
192 1125 353 1159 penetravit,
371 1130 398 1153 et
413 1125 565 1159 praevaluit.

171 1159 312 1188 Liberatus
328 1161 392 1188 Afer
409 1160 434 1187 in
452 1160 645 1193 Breviario.de
658 1169 741 1190 causa
758 1161 919 1190 Nestoriana

134 1200 163 1222 et
180 1196 347 1233 Eutychiana
364 1196 481 1233 cap._10,
494 1196 531 1223 ita
548 1197 678 1233 scripsit;
691 1198 832 1233 (chl'illlls
848 1206 919 1232 qua-

135 1236 197 1257 tuor
224 1230 308 1257 libros
335 1231 454 1265 scripsit,
474 1236 530 1258 tres
555 1230 684 1260 adversus
701 1230 873 1260 Theodorum
891 1237 919 1259 et

135 1265 302 1302 Diodorum»;
316 1264 397 1300 quasi
411 1264 563 1302 Nestoriani
582 1268 715 1302 dogmatis
732 1273 872 1300 auctores,
891 1273 919 1295 et

134 1301 216 1327 alium
233 1301 267 1327 de
283 1300 472 1338 liicariiatione
488 1301 597 1338 librum.
615 1300 644 1329 in
662 1304 760 1338 quibus
776 1304 919 1330 cintinen-

134 1340 179 1372 tor
195 1338 371 1372 antiquorum
387 1334 497 1372 Patrum
516 1334 677 1372 incorrupti
690 1338 854 1369 testimonia,
867 1338 919 1365 Fe—

134 1370 196 1400 licis
212 1377 287 1405 papa:
304 1370 436 1407 [ionianiL
447 1370 567 1406 Dionysii
584 1370 752 1407 Areopagita-
768 1373 919 1400 Corinthio-

135 1413 196 1433 rum
213 1404 333 1444 episcopi
348 1427 354 1437 ,
373 1410 400 1433 et
416 1404 540 1441 Gregorii
557 1404 917 1444 Mirabiiis'eaupa-roopyoﬁ

134 1442 330 1476 cognominati.
346 1449 355 1466 ι

169 1475 274 1512 Contra
288 1475 544 1512 lioc_testimonium
561 1476 615 1504 duo
632 1482 743 1512 possent
769 1478 803 1505 ab
821 1478 919 1506 adver-

134 1512 215 1540 sariis
231 1510 323 1545 objici.
342 1510 434 1538 Primo
447 1531 454 1542 ,
472 1513 546 1573 (Βιοά
561 1510 687 1540 catholici
704 1513 814 1547 quidam
832 1520 917 1549 nega-

134 1548 190 1573 rint
217 1546 266 1573 hos
292 1546 376 1573 libros
402 1554 463 1573 esse
503 1566 511 1573 .
530 1547 641 1573 Cvrilli:
660 1548 733 1573 ducti
750 1555 782 1573 ea
800 1548 916 1573 ratione.

134 1548 190 1574 rint
217 1546 266 1582 hos
282 1546 376 1582 libros
402 1554 463 1574 esse
479 1546 511 1573 D.
530 1547 641 1582 Cyrilli;
660 1546 733 1575 ducti
750 1555 782 1575 ea
800 1546 916 1581 ratione,

135 1582 199 1616 quia
215 1581 333 1622 gyrillus
348 1582 418 1608 vivis
435 1583 491 1622 hac
509 1581 664 1622 tesiimonia
685 1591 741 1622 110"
759 1583 915 1622 objecerat;

134 1610 200 1651 ergo
216 1610 309 1654 Gyrilli
326 1616 378 1643 hoc
393 1616 542 1654 opus'non
569 1618 666 1654 videri.
684 1610 851 1654 Responderi
869 1610 951 1654 p610

135 1655 197 1683 test,
215 1656 278 1688 tunc
295 1651 402 1678 deinuin
419 1652 562 1688 orbjecisse,
576 1653 638 1686 quia
650 1653 726 1688 prius
740 1651 848 1680 illorum
861 1651 916 1681 iion

136 1687 306 1717 recordatus,
319 1691 414 1720 postea
433 1687 459 1713 in
478 1692 596 1714 mentem
613 1693 763 1721 venerunt;
782 1688 848 1715 item
866 1689 919 1717 illis

136 1722 251 1749 mortuis
268 1721 318 1758 hoc
334 1728 401 1755 opus
418 1723 616 1758 composuisse,
634 1728 728 1750 contra
745 1731 813 1758 quos
831 1724 920 1752 viven-

137 1761 177 1784 tes
194 1757 417 1793 nonrdisputarat
434 1758 524 1793 adhuc
536 1756 630 1790 junior
644 1766 650 1785 :
664 1756 811 1793 disputavit
828 1763 917 1786 autem

135 1796 231 1819 contra
242 1791 388 1825 discipulos
397 1799 491 1819 eorum
503 1791 656 1819 Nestorium
667 1801 700 1820 ac
708 1791 917 1821 Theodoretum.

172 1826 296 1854 Secundo
313 1833 402 1861 potest
418 1827 509 1861 obiici,
528 1828 615 1854 locum
633 1836 693 1855 esse
709 1829 879 1861 mendosum,
892 1833 919 1856 et

135 1862 166 1890 τό
182 1861 346 1896 Areopagitw
373 1862 565 1889 inducendum.
584 1861 669 1890 Velim
690 1863 794 1890 consuli
813 1869 917 1891 vetusta

137 1897 322 1931 exemplaria;
346 1896 404 1932 ﬁeri
430 1897 501 1924 enim
520 1901 617 1932 potest,
635 1902 664 1925 ut
681 1899 757 1925 locus
775 1900 919 1926 mendosus

136 1932 248 1967 minime
265 1932 312 1963 sit,
329 1933 376 1959 sed
393 1931 538 1959 Liberatus
554 1934 580 1959 in
597 1940 692 1959 eorum
709 1940 803 1961 errore
825 1934 918 1967 fuerit,

137 1967 183 2002 qui
201 1966 358 2002 Dionysium
375 1967 565 2002 Areopagitam
579 1973 754 2000 censuerunt,
766 1973 827 2002 post
837 1966 920 1996 Athe;

138 2003 259 2030 nienseni
294 2003 452 2029 cathedram
479 2003 513 2029 ad
539 2002 708 2030 Corinthium
736 2004 918 2037 translatmn,

139 2038 297 2074 priusquam
316 2037 342 2063 in
359 2037 460 2074 Gallias
477 2038 615 2072 migraret.

173 2072 339 2108 Adcodatns,
357 2073 414 2108 sive
430 2072 577 2099 Deusdedit
595 2073 758 2101 venerabilis
775 2073 919 2108 episcopus

137 2107 266 2136 Ecclesiae
285 2107 447 2143 Caralitana:
458 2108 552 2134 insulae
565 2108 698 2136 Sardiniae
713 2110 739 2136 in
753 2107 858 2143 synodo
869 2107 921 2136 La-

140 2142 280 2171 teranensi
304 2143 355 2169 sub
377 2142 493 2170 Martino
506 2143 515 2169 Ι
530 2144 733 2172 consultatione
750 2142 778 2176 5,
790 2144 831 2172 sic
842 2145 918 2171 locu-

140 2183 205 2205 tus:
221 2185 231 2202 ι
249 2176 366 2204 Verbum
384 2184 601 2205 consummatum
625 2184 651 2205 et
678 2180 832 2207 breviatum
845 2181 920 2206 accin

138 2214 217 2251 piens
228 2220 243 2239 a
258 2212 372 2251 Domino
402 2218 498 2251 vestra
519 2214 674 2241 veneranda
691 2215 830 2251 beatitudo
846 2221 921 2242 com-

139 2249 269 2283 pendiose
283 2249 438 2283 pariterque
452 2249 607 2283 diligenter,
627 2254 679 2276 tam
695 2250 876 2284 l'alsiloquium
891 2254 919 2277 et

140 2284 299 2319 novitatem,
312 2290 394 2317 quam
408 2288 512 2319 operati
528 2288 591 2311 sunt
604 2286 775 2318 apertissime
791 2285 879 2319 Cyrus
891 2291 918 2312 et

139 2318 252 2353 Sergius
263 2319 393 2345 adversus
407 2324 516 2346 sanctos
529 2319 654 2346 Ecclesia:
666 2318 916 2348 catholicie’l’atres

140 2359 222 2388 atque
234 2354 370 2389 dogmata,
387 2361 435 2389 per
451 2361 484 2381 ea
496 2362 557 2388 qua:
569 2355 782 2389 prudentiSsime
801 2356 826 2382 in
847 2363 917 2389 prie-

139 2389 209 2417 senti
226 2388 360 2415 allocutus
375 2394 427 2421 est,
442 2390 521 2416 nobis
536 2388 744 2424 demonstravit,
768 2388 917 2418 ostendens

139 2432 186 2454 eos
202 2424 388 2461 haereticorum
402 2424 713 2461 irretitos_conl'essione,
724 2428 833 2461 perihoc
843 2427 917 2461 quod

138 2467 219 2486 unam
231 2458 308 2492 juxta
321 2459 503 2487 exsecrabiles
517 2459 697 2488 Themistiuin
721 2458 749 2488 et
772 2458 914 2493 Severum,

139 2494 309 2524 Dei-virilem
325 2495 511 2528 operationem
529 2502 591 2522 esse
605 2496 782 2529 denuntiant,
808 2500 836 2523 et
861 2504 915 2524 non

139 2530 284 2557 miriﬁcam
312 2530 337 2555 in
364 2530 416 2557 hoc
442 2534 522 2564 atque
546 2531 707 2563 mirabilem,
731 2532 859 2563 quoniam
889 2533 916 2558 in

141 2565 241 2592 unione
265 2565 390 2597 indivisa,
406 2567 473 2592 duas
496 2566 576 2593 unius
600 2567 720 2601 ejusdem
742 2567 842 2594 Christi
869 2567 916 2594 Dei

140 2602 278 2628 naturales
288 2602 461 2634 aper-titiones
475 2601 615 2630 ioconl'use
630 2602 759 2635 ostendit,
780 2603 807 2629 id
821 2607 863 2629 est
877 2604 917 2630 di-

139 2638 230 2664 vinam
252 2640 279 2662 et
303 2638 461 2672 humanam,
487 2636 514 2663 in
537 2638 733 2672 approbatione
764 2638 915 2672 verissima,

140 2673 223 2701 Deum
236 2671 360 2708 eumdem
382 2678 443 2697 esse
457 2674 618 2708 naturaliter
632 2678 660 2708 et
673 2672 827 2705 hominem;
844 2675 916 2708 quod

140 2709 242 2740 utique,
258 2707 329 2733 sicut
352 2706 448 2734 beatus
460 2706 602 2742 Dionysius
614 2707 662 2740 ait,
677 2710 798 2735 omnium
813 2706 918 2736 estno-

139 2744 254 2769 vitatum
269 2744 474 2775 supereminens
486 2749 596 2769 novum.
616 2742 671 2769 Nec
687 2745 759 2770 enim
776 2744 917 2777 utriusque

140 2778 387 2812 iiitereinptionetn,
402 2778 448 2804 sed
462 2778 604 2804 indivisani
628 2780 769 2811 unitatem,
785 2786 834 2813 per
848 2781 918 2806 hanc

139 2819 318 2848 compositam
339 2813 397 2847 ejus
420 2820 512 2840 vocem
525 2819 691 2840 memoratus
703 2814 783 2842 Pater
797 2814 916 2841 edocuit.

142 2850 237 2877 Verani
254 2855 369 2883 namque
383 2849 529 2875 unitionein
542 2850 685 2876 ostendere
700 2850 794 2882 voluit,
803 2851 850 2876 sed
863 2858 916 2877 non

139 2886 344 2916 diminutionem
369 2884 517 2918 quamlibet
536 2889 702 2915 naturarum,
730 2893 791 2919 qua:
814 2886 840 2911 in
865 2892 918 2911 uno

140 2923 250 2951 Christo
271 2920 325 2949 Deo
347 2920 566 2948 substantialiter
582 2921 730 2954 salvantur,
745 2926 789 2948 aut
807 2927 918 2949 natura-

972 273 1088 312 scripta,
1102 273 1172 311 quae
1191 275 1218 302 in
1244 273 1379 310 prasenti‘
1396 275 1496 303 relecta
1520 278 1595 305 sunt,
1619 273 1759 309 Cyrus‘et

973 311 1086 348 Sergius
1099 311 1277 348 denegantes,
1293 315 1321 337 et
1345 314 1489 348 propterea
1504 313 1670 348 sanctorum
1689 317 1759 344 quo-

972 344 1158 384 que'Patriiiri
1172 344 1356 384 adulterantes
1372 345 1539 384 testimonia,
1555 344 1654 384 merito
1676 352 1691 371 a
1710 352 1758 372 ve-

972 380 1029 412 stra
1045 381 1193 417 apostolica
1207 382 1250 415 pia
1267 381 1401 408 sententia
1413 380 1585 407 condemnati
1601 383 1676 417 sunt,
1689 387 1758 414 quos

972 425 999 447 et
1013 415 1069 446 nos
1079 422 1263 444 consonanter
1285 423 1347 442 cum
1370 422 1402 442 ea
1428 419 1570 450 propterea
1592 415 1759 442 condemna-

973 462 1033 482 mus
1048 462 1055 480 :
1070 459 1176 480 necnon
1192 455 1219 477 et
1233 450 1365 486 Pyrrhum
1379 449 1467 485 Sergii
1481 449 1758 486 Successgrem,quo-

973 490 1045 517 niam
1073 492 1101 515 et
1126 487 1182 521 ipse
1206 484 1381 512 nihilominus
1397 484 1459 512 cuin
1470 485 1573 521 Sergio
1586 484 1687 520 Cyrum
1714 493 1758 512 re-

973 520 1302 559 cepissejdi’gnoscitur,
1327 525 1356 548 et
1386 520 1489 559 studuit
1518 520 1703 559 ei_advocare
1728 521 1756 559 in

972 555 1167 595 prieiiominato
1196 555 1311 591 septimo
1339 555 1458 590 capitulo
1492 559 1528 595 ct_
1553 555 1610 595 hoc
1637 562 1698 582 cum
1729 556 1756 595 i_n

973 590 1077 627 scripto
1099 595 1215 619 testatur
1228 590 1575 627 icontra‘eumpqnoniam
1603 590 1757 627 immutuit

972 624 1218 667 613_dictioiiein
1242 624 1470 667 beati_Dionysii,
1484 630 1512 652 et
1531 624 1660 667 quoniam
1682 625 1757 667 justo

974 660 1156 698 r'cpr'ehensus
1168 665 1211 698 est
1223 669 1272 698 pro
1285 660 1438 698 huiusmodi
1458 660 1648 698 immutatione
1662 667 1677 686 a
1692 661 1758 688 hea-

974 695 1160 727 tte'inemorize
1175 695 1330 729 Sophronia
1343 704 1350 722 :
1365 696 1402 722 ita
1423 695 1496 722 enim
1512 695 1608 722 scribit
1632 695 1658 722 in
1673 703 1756 723 unum

973 732 1156 770 dogmaiicuin
1179 731 1238 770 eius
1259 731 1386 770 volumen
1400 730 1543 770 “Pyrrhus.
1561 730 1648 770 linum
1665 735 1756 758 autem

975 765 1079 796 unitum
1093 767 1242 802 capitulum
1255 765 1614 802 reprehendit'rSophronius
1630 772 1757 802 reveren-

973 805 1115 835 dissimus,
1127 800 1225 836 utpote
1240 801 1422 836 testimonium
1436 801 1523 827 beatae
1537 800 1676 827 memoriae
1690 800 1756 828 Dio-

974 840 1043 875 nysii
1059 835 1201 875 l'alsanteni
1217 835 1417 875 permutatione
1431 836 1511 863 unius
1523 836 1599 863 vocis
1616 844 1626 875 _:
1653 836 1680 862 in
1698 836 1756 875 _lioc

974 870 1094 909 congrua
1111 873 1203 909 dicens
1215 870 1363 909 praedictus
1382 871 1486 909 viruet
1509 877 1599 902 cauta,
1615 870 1642 898 in
1658 870 1757 909 quibus

975 910 1020 937 ille
1027 905 1131 936 asserit
1144 916 1150 934 :
1167 906 1219 934 Sed
1231 906 1335 933 homine
1347 905 1418 940 facto
1430 905 1496 937 Deo,
1508 913 1602 933 novam
1613 906 1756 941 quamdam

973 945 1132 972 Dei-uirilem
1146 942 1323 976 operationem
1337 942 1411 967 nobis
1423 941 1575 976 proferens,-
1588 948 1668 967 unaiu
1680 948 1757 976 neat-

972 987 1005 1014 pe
1019 975 1169 1014 secundum
1181 977 1323 1014 veritatem
1338 983 1387 1011 pro
1400 975 1475 1014 nova
1485 975 1756 1014 _contiiiehat_deiio-

971 1010 1103 1042 ininatum
1119 1011 1260 1044 volumen;
1276 1011 1323 1038 sed
1338 1019 1391 1037 non
1407 1011 1540 1038 malitiose
1559 1010 1647 1045 (absit
1658 1010 1755 1047 )q'uxta

971 1057 1060 1076 meum
1079 1048 1200 1078 verbum,
1213 1049 1260 1074 sed
1275 1046 1403 1080 quoniam
1418 1054 1472 1074 non
1485 1046 1565 1073 aliter
1584 1051 1673 1080 potest
1686 1053 1755 1073 nova

971 1085 1098 1119 intelligi,
1113 1083 1165 1110 nisi
1183 1089 1245 1114 una,
1269 1089 1284 1108 a
1310 1082 1483 1119 sanctissimo
1505 1081 1576 1119 Cyro
1600 1080 1754 1119 huiusmodi

970 1127 1023 1147 vox
1039 1115 1127 1154 posita
1142 1122 1185 1154 est
1206 1126 1213 1144 :
1239 1117 1368 1154 quoniam
1387 1124 1436 1154 per
1451 1115 1655 1154 aliiiegatiOiieiii
1671 1115 1755 1143 subli—

971 1151 1053 1182 miuiii
1067 1160 1147 1181 unam
1159 1153 1255 1179 beatus
1266 1152 1360 1178 doctor
1372 1151 1569 1179 confessionem
1581 1156 1754 1184 construens,

970 1195 998 1216 et
1019 1191 1091 1216 hanc
1115 1187 1293 1222 singulariter
1315 1188 1481 1221 exprimens,
1507 1186 1574 1222 quid
1599 1187 1679 1213 aliter
1701 1186 1755 1212 nisi

970 1232 1051 1252 unam
1076 1223 1201 1252 coniiteri
1229 1222 1438 1257 operationem,
1464 1229 1497 1248 co
1522 1222 1600 1257 quod,
1618 1228 1689 1248 unus
1711 1225 1755 1257 est

969 1260 1105 1291 Christus,
1123 1266 1172 1293 per
1183 1256 1320 1292 quoddam
1337 1257 1450 1284 verbum
1473 1256 1648 1293 luculentiusA
1662 1256 1756 1293 prodi-

969 1295 1028 1322 dit?
1050 1290 1132 1322 Ecce'
1147 1290 1319 1328 apertissime
1336 1299 1384 1327 per
1398 1299 1465 1328 suos
1478 1298 1618 1328 sermones
1632 1290 1756 1326 Pyrrhus

968 1335 996 1356 et
1012 1330 1136 1358 lalsatam
1161 1326 1178 1355 ii
1201 1328 1272 1363 Cyro
1287 1327 1436 1354 dictionem
1460 1327 1532 1354 beati
1556 1326 1677 1362 Dionysii
1692 1333 1756 1363 pro-

969 1365 1056 1393 fessus
1079 1369 1130 1397 est,
1146 1369 1173 1392 et
1188 1363 1384 1397 reprehensum
1407 1367 1550 1397 propterea
1569 1369 1632 1389 eum
1657 1362 1755 1397 merito

968 1400 1096 1432 ostendit,
1114 1396 1167 1427 etc.
1183 1408 1193 1424 ι
1212 1396 1275 1433 Agit
1299 1397 1403 1433 deAillo
1428 1396 1548 1433 Dionysii
1569 1397 1629 1424 loco
1641 1396 1755 1430 epistola

968 1436 1002 1462 ad
1018 1431 1114 1462 Gaium
1131 1431 1248 1469 quarta;
1255 1439 1309 1467 quo
1322 1431 1506 1471 quotlielitte
1520 1434 1754 1471 deprayatoase,

967 1476 995 1497 ot
1009 1471 1080 1497 male
1090 1466 1184 1500 cita-to,
1201 1466 1297 1496 contra
1313 1467 1457 1495 veritatem
1471 1468 1587 1502 gemina:
1607 1468 1635 1495 iu
1646 1466 1755 1495 ChriSto

967 1504 1117 1533 voluntatis
1136 1505 1331 1532 abutebantur.
1750 1520 1752 1522 .

969 1562 1128 1590 Tertimom'a
1148 1569 1180 1588 ea:
1201 1560 1342 1592 Ilildnino,
1365 1559 1528 1592 Ilincmaro,
1553 1560 1692 1586 Anastasio
1704 1558 1753 1586 Bi—

1045 1598 1226 1628 bliotltecario,
1239 1601 1263 1623 et
1278 1594 1390 1630 Hugone
1404 1597 1435 1622 de
1448 1594 1546 1622 Sancto
1564 1593 1677 1621 Victore.

1006 1654 1149 1682 Hilduinus
1171 1653 1257 1680 abbas
1283 1652 1442 1688 monasterii
1466 1651 1506 1688 B.
1521 1651 1649 1688 Dionysii
1670 1659 1755 1688 prope

968 1690 1103 1718 Lutetiam
1117 1689 1296 1720 Parisiorum,
1315 1687 1360 1714 ubi
1379 1695 1479 1722 corpus
1500 1687 1651 1714 beatissimi
1677 1687 1754 1714 mai--

970 1726 1039 1761 tyris
1060 1724 1181 1761 creditur
1202 1723 1337 1761 asservari
1356 1722 1431 1761 (licet
1449 1722 1662 1761 Ratisponeoses
1684 1730 1753 1750 con-

970 1757 1081 1788 tendant
1104 1760 1133 1786 in
1154 1766 1231 1786 suam
1251 1757 1391 1785 civitatein
1413 1758 1485 1785 dono
1507 1757 1631 1784 Francia:
1659 1764 1753 1792 regum

970 1794 1141 1826 translatum,
1158 1795 1237 1821 hodie
1251 1794 1277 1820 in
1292 1792 1386 1821 Sancti
1406 1792 1562 1819 Einmerani
1588 1793 1672 1819 nobili
1693 1801 1753 1820 nio-

970 1831 1090 1857 nasterio
1105 1828 1211 1863 haberi)
1228 1828 1383 1860 Hilduinus,
1397 1828 1517 1861 inquam,
1532 1828 1564 1854 ad
1585 1827 1753 1856 Ludovicuni

970 1865 1047 1892 Pium
1062 1865 1157 1899 imper.
1171 1862 1261 1891 Garuli
1278 1863 1365 1898 Magni
1382 1862 1468 1889 tilium
1481 1862 1615 1899 scribens,
1629 1867 1751 1895 testatur,

971 1902 1067 1927 horum
1083 1898 1212 1927 librorum
1229 1899 1388 1932 scriptorem
1411 1905 1512 1932 genere
1538 1898 1750 1930 nobilissimum,

969 1940 997 1962 et
1010 1934 1189 1969 philosophiae
1211 1934 1368 1968 magisterio
1391 1933 1535 1967 insignem,
1556 1932 1671 1969 Athenis
1695 1934 1754 1960 cla-

970 1968 1057 1998 ruisse
1073 1978 1079 1996 :
1098 1977 1130 1996 ac
1144 1970 1238 2003 probat
1254 1976 1288 1995 ex
1309 1968 1465 2002 apostolicis
1478 1968 1570 1999 Actis;
1585 1973 1613 1995 et
1630 1968 1752 1996 Aristar-

970 2005 1014 2032 clii
1028 2005 1121 2034 Graeci
1139 2004 1341 2038 chronographi
1360 2004 1474 2038 epistola
1495 2003 1529 2029 ad
1553 2003 1752 2037 Onesiphoruin

971 2041 1167 2075 priniiceriuui,
1182 2039 1215 2066 de
1231 2041 1283 2066 situ
1298 2039 1485 2075 Athenarum;
1502 2046 1518 2064 a
1532 2039 1672 2075 quodicit
1687 2046 1752 2065 nar-

971 2073 1025 2102 i'ari
1052 2084 1062 2101 ι
1088 2080 1174 2102 ortum
1201 2076 1331 2108 prosapiw
1353 2079 1377 2100 et
1400 2074 1548 2101 doctrinam
1571 2073 1646 2107 ejus,
1674 2079 1751 2108 atoue

970 2109 1176 2137 conuersationis
1187 2111 1316 2142 ordinem,
1335 2117 1381 2135 seu
1393 2109 1479 2135 (etatis
1502 2113 1615 2142 tempus,
1634 2115 1681 2134 nec
1698 2117 1751 2136 non

970 2151 994 2172 et
1016 2145 1208 2172 ordinationem
1230 2144 1326 2178 ipsius,
1351 2149 1375 2170 et
1397 2144 1626 2178 prwdicationem,
1657 2144 1751 2171 subro-

969 2182 1101 2215 gationem
1123 2179 1202 2215 etiam
1226 2179 1390 2215 episcopiﬂin
1409 2178 1507 2215 totum
1531 2186 1624 2212 mum,
1649 2184 1685 2215 et
1702 2181 1750 2206 ad-

971 2213 1159 2242 i-entumilliar
1173 2214 1294 2241 Romam.
1313 2222 1324 2239 ι
1345 2214 1384 2240 lbi
1407 2213 1478 2241 inter
1499 2219 1598 2241 caetera
1610 2215 1643 2241 de
1661 2214 1703 2241 his
1717 2215 1751 2241 li-

971 2251 1027 2278 bris
1049 2251 1085 2277 ita
1109 2249 1227 2277 scribit:
1248 2258 1258 2274 ι
1281 2249 1415 2276 Cteterum
1439 2249 1472 2275 de
1495 2248 1592 2275 notitia
1617 2249 1750 2276 libroruin

934 2283 956 2311 D
970 2288 1039 2320 ejus,
1061 2293 1130 2319 quos
1150 2286 1240 2319 patrio
1261 2291 1387 2311 sermone
1404 2284 1576 2318 conscripsit,
1596 2285 1750 2320 etiquibus

966 2319 1121 2356 petentibus
1136 2321 1196 2347 illos
1211 2320 1374 2353 composuit,
1391 2319 1472 2346 lectio
1485 2320 1622 2356 nobisper
1631 2319 1751 2355 Dei'gra-

967 2354 1044 2389 tiam,
1060 2361 1088 2383 et
1100 2360 1217 2383 vestram
1230 2355 1439 2387 ordinationem,
1456 2354 1532 2388 cujus
1548 2354 1751 2388 dispensatione

968 2393 1159 2426 interpretatos
1184 2390 1287 2426 scrinia
1308 2394 1402 2417 nostra
1430 2389 1585 2426 petentibus
1608 2395 1749 2426 reseraut,

966 2425 1110 2454 satistacit.
1122 2425 1301 2452 Authenticos
1319 2430 1409 2452 autem
1426 2426 1536 2451 eosdem
1553 2425 1637 2452 libros
1652 2425 1746 2453 Graeca

967 2462 1057 2496 lingua
1078 2461 1266 2495 conscriptos,
1291 2460 1400 2494 quando
1430 2466 1589 2496 (nconomus
1620 2460 1749 2489 Ecclesiae

966 2495 1284 2530 Coiisiaiitiiiopolitanie,
1302 2501 1330 2522 et
1345 2496 1435 2522 caeteri
1453 2496 1528 2522 missi
1542 2495 1690 2528 Michaelis,
1707 2497 1748 2523 le-

967 2534 1076 2566 gatione
1102 2533 1210 2566 publica
1238 2532 1272 2557 ad
1296 2535 1415 2557 vestram
1444 2530 1557 2565 gloriam
1586 2532 1747 2565 compendio

968 2565 1052 2594 l'uiicti
1073 2572 1148 2598 sntit,
1175 2567 1200 2592 in
1222 2566 1278 2600 ipsa
1303 2565 1394 2600 vigilia
1416 2567 1599 2593 soteinnilatis
1627 2567 1656 2593 ὃ.
1682 2566 1746 2593 Dio-

968 2603 1047 2639 nysii,
1059 2610 1108 2637 pro
1123 2608 1236 2628 munere
1248 2609 1345 2639 magno
1360 2602 1538 2639 suscepimus.
1555 2601 1631 2634 Quod
1643 2603 1748 2639 donum

967 2636 1103 2665 devotioni
1124 2641 1280 2668 nostrae,“
1291 2638 1313 2663 si
1333 2636 1443 2663 ctelitus
1467 2637 1589 2668 allatum,
1615 2636 1684 2663 adeo
1705 2637 1747 2664 di-

968 2673 1029 2700 vina
1045 2678 1089 2700 est
1099 2673 1186 2708 gratia
1203 2676 1355 2706 prosecuta,
1366 2676 1394 2698 ut
1410 2673 1438 2698 in
1450 2672 1545 2698 eadem
1559 2677 1639 2706 nocte
1652 2672 1746 2699 decem

967 2714 995 2736 et
1015 2707 1112 2736 noveni
1136 2707 1366 2734 nominatissinias
1387 2707 1502 2734 virtutes
1532 2715 1558 2733 in
1582 2712 1746 2740 aegrotorum

967 2745 1108 2771 sanatione
1125 2743 1261 2770 variarum
1278 2743 1480 2773 inlirmitatuin,
1496 2749 1529 2768 ex
1544 2743 1704 2773 notissimis,
1720 2748 1748 2769 et

968 2780 1098 2807 vicinitati
1117 2783 1217 2807 nostra:
1232 2777 1508 2815 personiscontiguis
1531 2778 1564 2802 ad
1588 2778 1696 2815 tandem
1719 2783 1747 2815 et

967 2816 1081 2849 gloriam
1096 2823 1137 2842 sui
1155 2814 1289 2844 nominis,
1302 2813 1469 2839 orationibus
1480 2816 1515 2849 _et
1530 2813 1636 2849 meritis
1646 2814 1745 2849 excel-

968 2846 1110 2877 iciitissiiiil
1122 2851 1165 2877 sui
1184 2850 1322 2884 martyris,
1338 2848 1463 2884 Christus
1478 2846 1608 2884 Dominus
1630 2847 1665 2873 sit
1681 2855 1747 2882 ope-

969 2886 1023 2912 i.iri
1035 2888 1170 2920 dignatus.
1188 2893 1197 2910 ι
1217 2881 1282 2920 Post
1298 2885 1356 2920 hinc
1373 2882 1514 2909 Hilduinus
1533 2881 1613 2920 Beda:
1636 2888 1663 2909 et
1677 2881 1746 2911 Gre-

968 2921 1036 2954 μοι-πί
1051 2917 1216 2949 Turonensis
1230 2919 1263 2947 de
1278 2919 1327 2947 hoc
1339 2917 1470 2953 Dionysw
1482 2924 1576 2945 nostro
1587 2917 1691 2951 lapsum
1704 2927 1744 2948 os.
