1918 3087
176 170 245 200 ltili)

777 170 807 199 S.
827 169 904 198 1)]οΝ
909 169 974 197 YSll
992 169 1223 198 AREOP.~IT:E

1728 170 1799 198 Ιῖιιϋ

177 230 337 270 t-lesiastlcte
361 229 464 270 politiae
479 229 585 270 factum
605 229 775 264 pertinentes
795 236 803 254 :
828 228 957 270 nimi-rum
972 233 996 260 Α
1010 228 1082 255 modi
1110 228 1292 270 testiinonium
1313 234 1349 270 ex
1381 227 1517 268 universis
1550 235 1610 270 quze
1638 227 1708 261 apud
1725 236 1798 270 “nos:

176 267 253 292 circa
269 265 342 292 Ibam
363 263 523 300 episcopum
548 263 669 296 Edessa‘,
689 272 721 291 ac
734 271 862 299 magnum
883 263 958 290 illum

176 300 376 328 'l‘heodoretum
397 301 424 326 in
439 300 614 334 episcopatus
630 300 789 333 dignitatem
803 303 830 325 et
846 306 959 325 suarum

176 336 375 369 possessionem
400 335 505 362 sediunt
532 335 682 361 restitutos.
708 334 768 367 Qua
794 334 820 360 in
840 341 880 365 re,
903 341 958 360 non

178 370 316 405 religionis
329 377 361 397 ac
376 369 449 405 lidei,
466 369 513 396 sed
533 377 710 404 personarum
726 370 860 396 duntaxat
874 375 957 405 causa

175 403 348 432 versabatur.
372 403 594 438 Quandoquidem
619 409 683 431 tunc
707 409 812 431 tantum
840 403 957 430 restituti

175 440 256 467 ambo
270 444 344 471 sunt,
360 444 504 474 postquam
523 444 639 471 uterque
657 439 810 466 Nestorium
837 438 957 465 ttitaiiiitii

175 475 348 502 anathemate
357 475 577 507 pratilaiunasset.
591 474 650 501 Jant
663 475 734 508 quod
748 474 782 501 ad
792 479 957 500 iitonientutn

177 510 302 542 tertium,
336 517 433 544 nempe
466 509 601 536 Theodori
637 509 819 544 Mopsuesteni
846 509 955 544 scripta

175 549 291 579 spectat,
313 545 378 571 nihil
394 543 507 571 omnino
521 546 554 571 de
572 545 605 571 iis
620 545 675 572 illic
683 543 791 575 actum,
804 549 832 570 ut
845 543 957 570 Facun-

175 581 226 607 dus
237 579 295 615 ipse
307 579 354 606 lib.
367 587 396 606 ιιι
411 585 438 606 et
451 579 497 606 lib.
507 587 541 615 7x,
560 581 712 614 pi'olitetnr,
729 580 855 606 acinulto
868 579 957 606 minus

174 615 313 649 quidpiam
329 615 479 641 delinitum.
496 614 578 647 Quin,
594 616 620 641 id
637 615 670 641 ad
683 615 806 648 quintam
822 614 955 650 synodum

176 650 298 676 revocari
321 651 422 676 factum
445 654 563 684 oportet,
588 651 631 677 ubi
660 657 774 676 escuSSa
802 657 895 676 eorum
924 657 956 676 ac

174 684 272 712 librata
284 685 408 712 doctrina
425 691 483 716 est;
503 690 533 711 ιιι
551 690 578 711 et
593 685 692 712 ibidem
707 685 872 711 Theodoreti
886 692 956 719 quo-

173 727 227 754 que
252 724 348 747 contra
364 720 392 747 S.
409 720 542 755 Cyrillum
568 721 669 755 scripta
695 725 800 746 versata
830 725 904 751 sunt,
927 725 955 746 et

173 755 285 789 epistola
301 755 353 782 lliae
367 760 461 782 contra
480 754 574 781 Marini
592 756 700 782 Persam
719 756 815 781 eodcin
830 755 955 782 examine

174 790 316 823 ventilata;
336 790 443 822 triaque
463 791 509 817 illa
533 791 641 817 scilicet
662 791 845 817 accusationis
865 791 953 824 capita

173 825 302 856 fuerunt;
317 833 432 859 quorum
446 833 528 851 unum
547 826 580 852 ad
599 826 701 859 scripta
716 825 841 858 Drigenis
863 825 953 852 vindi-

172 860 256 886 canda
270 862 407 895 vergebat,
424 860 575 895 cujusinodi
587 861 734 894 primarius
745 859 878 886 Theodori
895 861 954 887 Ca:-

172 896 305 922 sarieiisis‘
318 896 344 922 in
358 896 530 930 Cappadocia
549 896 669 930 episcopi
690 903 790 929 scopns
802 901 829 922 et
844 896 952 922 institu-

174 936 230 956 tum
246 930 307 963 fuit,
324 938 357 958 ac
377 931 473 958 deinde
495 935 524 956 ut
546 938 595 965 per
615 936 665 956 tria
688 931 731 956 illa
749 931 836 964 capita
859 931 951 962 simul,

172 965 406 992 Chalcedonensis
430 965 537 993 concilii
562 966 766 996 auctoritatem,
788 966 860 992 velut
882 966 952 992 ubli-

171 1001 233 1035 quis
249 1001 421 1028 anfractibus
441 1006 468 1028 et
479 1001 625 1031 cuniculis,
638 1002 689 1027 etsi
706 1002 807 1027 lrustra
830 1001 940 1027 ientaiis

172 1037 357 1070 admotisque,
377 1036 552 1063 convelleret.
574 1036 686 1063 Frustra
711 1037 736 1062 id
753 1044 818 1062 sitne
831 1044 838 1067 ;
853 1036 952 1070 quippe

173 1071 241 1097 duos
266 1071 327 1098 illos
347 1071 420 1098 viros
444 1071 470 1098 in
494 1079 605 1098 suarum
626 1071 730 1098 sediuin
753 1079 951 1105 possessionem

174 1106 325 1132 restituisse
340 1106 485 1133 concilium
499 1111 636 1140 potuerat,
648 1112 676 1133 et
688 1114 747 1133 eain
762 1106 950 1138 nihilominus,

172 1148 232 1174 qua:
250 1142 283 1167 de
300 1140 443 1168 Theodoro
462 1140 654 1176 Mopsuesteno
675 1143 789 1176 agebat,
810 1140 950 1176 epistolam

174 1176 319 1208 tolerasse;
337 1177 392 1203 sola
409 1176 514 1204 scilicet
536 1184 714 1210 personarum
731 1177 825 1203 habita
846 1176 952 1204 ratione

171 1212 231 1238 sine
248 1211 300 1238 ulla
319 1219 412 1238 eormn
429 1211 601 1238 discussione
616 1220 675 1246 qua:
689 1212 869 1245 scripserant,
884 1219 952 1245 qua-

171 1247 222 1272 lein
240 1246 267 1273 iu
286 1248 430 1281 posteriori
446 1247 561 1274 concilio
575 1247 673 1273 factam
689 1252 808 1278 constat,
834 1249 900 1273 adeo
922 1252 951 1273 ut

171 1286 318 1316 utrumque
337 1284 445 1309 diverso
461 1287 584 1316 respectu
598 1282 744 1309 concilium
765 1287 839 1309 recte
856 1281 951 1309 fecisse

172 1317 225 1343 dici
243 1322 352 1351 posset;
374 1325 436 1344 cum
453 1317 548 1350 utique
563 1319 658 1344 aitibos
678 1317 737 1344 illos
751 1318 893 1351 episcopos
908 1318 950 1344 iii-

171 1357 277 1379 structa
293 1353 319 1379 iii
336 1359 384 1379 eos
397 1357 573 1379 accusatione
597 1353 716 1379 liberare
737 1358 871 1386 potuisset
886 1353 950 1379 Illud

170 1387 300 1423 primum,
322 1387 496 1422 quantumvis
521 1386 711 1423 Nestorianani
737 1389 868 1414 hactenus
897 1389 949 1414 lia:-

172 1423 254 1450 t'esiin
272 1423 388 1457 professi
411 1427 514 1455 essent,
531 1422 570 1449 vel
589 1424 700 1458 scriptis
715 1428 796 1449 etiam
813 1423 869 1449 suis
882 1431 950 1449 con-

170 1457 334 1491 signassent,
352 1458 431 1485 modo
446 1465 506 1484 eam
523 1457 662 1492 deinceps.
679 1465 708 1485 ut
726 1463 839 1492 uterque
849 1464 951 1492 praestt-

171 1493 214 1524 tit,
233 1493 405 1520 anathemate
433 1493 565 1526 adhibito,
585 1496 808 1520 condemnarent.
830 1494 882 1519 bed
898 1493 950 1520 hoc

171 1529 204 1554 ad
221 1527 308 1561 ipsum
324 1536 414 1555 causae
432 1528 556 1559 fundum,
576 1533 732 1563 statumque
751 1536 804 1555 non
821 1528 948 1562 pertinet,

169 1565 394 1596 quemadmodum
423 1563 450 1590 id
475 1564 604 1597 pertinet,
630 1565 701 1598 quod
728 1565 833 1598 prolata
858 1564 949 1590 sancti

170 1598 291 1634 Dionysii
306 1599 477 1633 Areopagin
496 1599 598 1633 scripta
617 1600 677 1626 l'als'i
694 1601 846 1633 postulasse
861 1598 948 1634 llypa-

171 1635 225 1661 tius
244 1635 279 1661 ab
306 1636 434 1660 haeretico
450 1634 502 1660 isto
526 1634 551 1660 in
569 1642 618 1660 sua
640 1636 684 1661 illa
703 1635 856 1668 obiectione
879 1642 949 1667 pra:-

172 1670 281 1697 texitur.
300 1669 356 1696 Nec
383 1671 456 1696 enim
477 1669 622 1704 postulatio
645 1670 715 1701 l'alsi,
739 1676 766 1696 et
785 1676 817 1696 ea
839 1670 949 1704 quidem

171 1713 224 1731 non
254 1706 346 1736 liriiia,
370 1712 420 1730 nec
445 1705 526 1739 plane
549 1706 714 1739 omninoque
738 1705 868 1736 formata,
895 1705 950 1732 illic

170 1748 285 1774 usquam
300 1744 403 1766 tentata
417 1745 468 1771 est,
483 1740 534 1766 nisi
555 1742 684 1766 adversus
707 1741 849 1774 epistolam
866 1748 949 1766 unam

169 1778 313 1806 duntaxat,
331 1776 371 1801 \el
388 1779 441 1802 duo
458 1776 622 1807 testimonia,
638 1784 697 1809 qua:
720 1776 809 1802 salicti
825 1775 949 1810 Dionysii

170 1818 281 1844 scriptis
296 1812 428 1837 contineri
442 1811 614 1842 dicerentur;
635 1819 689 1837 non
712 1812 844 1837 adversus
866 1818 949 1845 opera

170 1846 238 1880 ipsa,
254 1853 314 1880 qua:
330 1854 380 1872 nec
393 1845 427 1871 ad
444 1853 552 1872 manum
569 1846 622 1872 illis
635 1850 723 1879 erant,
743 1855 793 1872 iiec
807 1847 840 1872 ad
855 1854 949 1872 eorum

170 1881 293 1907 notitiam
309 1880 379 1908 forte
393 1885 583 1913 pervenerant,
602 1881 648 1915 qui
668 1889 698 1907 ea
718 1883 874 1909 testimonia
887 1889 950 1914 pro-

171 1916 298 1943 tulissent
313 1925 319 1942 :
333 1923 364 1943 ac
375 1915 472 1942 deinde
486 1915 568 1951 640
581 1924 709 1943 auVet'sus
720 1917 838 1950 ascripta
855 1921 884 1943 δ.
899 1917 950 1951 (Ly-

170 1951 231 1978 rillo
241 1953 343 1985 scripta
354 1952 492 1985 quaedam,
500 1959 614 1985 quorum
626 1952 778 1978 auctoritas
789 1954 822 1979 ad
829 1957 951 1978 astruen-

169 1986 231 2013 dam
258 1987 390 2021 ejusmodi
419 1987 637 2013 testimoniorum
663 1988 804 2013 veritatem
829 1988 949 2013 adhibita

169 2026 232 2048 tunc
251 2022 359 2048 luisset.
375 2022 408 2048 Et
421 2029 470 2048 eos
486 2022 580 2056 utique
594 2023 679 2048 libros
696 2029 825 2056 respuere
840 2021 949 2048 Facun-

169 2060 219 2084 dus
235 2065 280 2084 aut
306 2057 422 2083 inliciari
435 2065 517 2084 ausus
540 2066 593 2086 non
609 2062 666 2090 est;
680 2065 805 2091 quamvis
819 2058 903 2092 ipsius
923 2065 950 2083 in

169 2092 342 2119 Theodorum
366 2092 586 2126 Mopsucstenuni
605 2093 763 2127 episcopum
786 2101 874 2118 amica
888 2098 951 2126 prol

168 2136 273 2162 pensio,
286 2128 398 2155 nimium
409 2133 540 2162 quantum
561 2135 658 2162 urgere
670 2129 746 2154 illuni
759 2129 908 2160 Videretur,
922 2132 951 2154 ut

168 2163 195 2189 id
208 2163 296 2190 vellet.

206 2197 320 2232 Verique
331 2197 420 2226 simile
434 2198 518 2226 videri
533 2203 631 2232 potest.
644 2199 752 2226 nonnisi
767 2206 847 2225 unam
860 2199 949 2226 sancti

169 2233 290 2269 Dionysii
306 2234 448 2268 epistolam
468 2238 559 2268 (quam
582 2243 633 2268 ego
649 2235 758 2269 quidem
777 2241 887 2269 propter
902 2243 949 2260 vo-

167 2270 306 2301 cabulum,
327 2269 488 2305 θεανδρικήν
498 2289 506 2301 ,
525 2275 650 2303 quartam
664 2278 723 2297 esse
736 2271 864 2304 arbitror)
881 2275 950 2296 inter

168 2306 335 2331 beverianos
346 2311 393 2332 aut
405 2306 556 2339 Acephalos
570 2311 633 2331 tunc
651 2307 782 2340 temporis
797 2306 945 2332 eXstitisse.

168 2341 234 2373 Quae
250 2341 273 2367 si
298 2341 421 2375 proiecto
448 2345 595 2374 depravata
612 2340 667 2374 jam
695 2346 750 2367 tum
775 2342 885 2372 luisset,
908 2341 948 2366 uti

167 2375 350 2403 Monothelita:
371 2380 463 2410 postea
480 2379 655 2410 depravatum
678 2375 763 2403 fuisse
782 2380 947 2408 aniiueruut,

168 2411 326 2437 nonnullam
351 2419 417 2438 sane
444 2412 602 2442 catholicis,
631 2418 742 2446 propter
772 2412 948 2442 vocabulum,

168 2446 274 2481 καινήν,
294 2454 357 2474 cuin
381 2447 509 2478 dictione,
530 2446 605 2482 μίαν,
623 2452 819 2474 commutatum
833 2447 947 2473 dilucul-

169 2486 251 2508 tatem
264 2490 296 2508 ac
315 2482 465 2509 molestiam
487 2483 653 2509 lacessisset.
666 2482 816 2516 Epistulam
831 2485 948 2508 subinde

169 2516 242 2543 illam
259 2518 396 2544 nonnullis
407 2525 516 2552 quoque
539 2518 602 2544 aliis
614 2519 736 2551 epistolis
755 2520 946 2548 adnectebant,

167 2561 183 2579 e
196 2552 298 2588 quibus
313 2553 418 2587 aliquas
438 2553 569 2580 catholici
592 2556 665 2579 velut
683 2553 785 2580 atlictas
800 2562 832 2580 ac
849 2561 948 2586 suppo-

167 2588 269 2614 sitttias
282 2593 462 2623 respuerant;
483 2591 535 2615 hoc
550 2589 635 2615 solum
654 2589 760 2616 interim
776 2592 809 2615 de
823 2595 874 2615 ista
884 2596 947 2620 pro-

168 2625 295 2650 nuntiare
308 2626 447 2659 _contenti,
459 2625 530 2658 quod
547 2626 641 2650 eadem
659 2627 804 2651 collatione
820 2630 946 2650 contine-

170 2665 232 2686 turi
252 2661 298 2687 illa
313 2661 386 2687 etiiui
411 2660 565 2686 testimonia
588 2667 648 2693 qua:
672 2668 720 2686 vos
741 2661 862 2694 Dionysii
886 2667 947 2685 esse

168 2695 269 2728 dicitis,
297 2697 368 2722 unde
386 2695 500 2728 potestis
525 2701 669 2721 ostendere
692 2702 757 2721 vera
781 2704 853 2726 esse,
875 2699 947 2720 sicut

168 2731 365 2766 Sltspicatiiini?
380 2733 522 2758 ltiiiinvero
550 2735 622 2763 quod
643 2731 735 2762 aiunt,
757 2731 945 2763 suspicainini,

169 2766 259 2794 minus
273 2772 335 2801 apte
349 2769 381 2794 de
404 2767 474 2793 libio
500 2773 547 2792 scu
572 2773 656 2798 opere
676 2766 792 2801 integro,
817 2773 898 2799 quatit
913 2771 947 2791 de

167 2808 318 2836 compactis
340 2803 501 2837 quibusdam
524 2803 687 2828 testimoniis
710 2806 862 2833 diceretur;
886 2808 947 2834 qua:

168 2839 278 2870 quidem
292 2838 389 2871 plurali
412 2845 525 2864 numero
540 2838 659 2864 hmrctici
673 2843 750 2870 juxta
769 2837 876 2863 insitam
892 2841 946 2862 ua:-

169 2874 224 2899 lesi
241 2875 462 2904 ostentationem,
482 2882 514 2899 ac
539 2879 661 2899 iiatitum
680 2874 753 2899 illius
767 2872 864 2899 l'asluiii
879 2872 945 2898 elle-

172 2910 275 2942 tcbiittt,
293 2916 353 2936 cum
368 2909 474 2936 nonnisi
493 2913 582 2936 tamen
603 2910 716 2937 alterum
731 2914 861 2944 pt'tctct'ea
872 2915 944 2943 ejus-

1011 268 1130 294 exstant,
1145 262 1220 290 illius
1244 264 1375 297 operibus
1399 263 1581 290 ascivissent:
1606 271 1703 296 nempe
1725 263 1796 290 illud

1011 299 1083 332 quod
1100 298 1218 325 secundo
1239 298 1330 332 capite
1350 298 1389 325 De
1408 298 1504 325 diuinis
1528 298 1677 324 nominibus
1697 299 1796 325 videri:

1010 339 1073 365 est,
1097 333 1141 370 ubi
1158 334 1297 370 rqiiaedanr
1321 333 1487 370 operationis
1515 334 1593 370 istius
1617 333 1791 370 θεανδρικῆς,

1010 376 1092 400 quam
1116 368 1264 395 Deivirilem
1286 367 1375 395 Latini
1400 369 1527 400 reddunt,
1545 369 1640 397 etfecta
1665 367 1790 396 contuie-

1010 409 1099 430 inorat
1113 408 1140 429 et
1157 410 1290 430 recenset.
1312 405 1352 430 Ad
1379 405 1459 431 istaut
1483 411 1564 436 porro
1588 403 1791 431 catholicorum

1009 439 1198 472 exceptionem
1223 439 1427 470 revincendain,
1447 439 1534 473 prima
1556 439 1670 466 subinde
1689 446 1721 466 ac
1737 446 1791 473 po-

1010 475 1115 500 tissima
1134 474 1326 501 luci-clivorum
1349 474 1508 501 rcclamaiio
1521 482 1581 501 esse
1602 474 1742 506 debuerat,
1757 480 1792 501 ut

1008 514 1254 535 comtiteinoratuin
1270 518 1284 535 a
1301 516 1331 535 se
1344 509 1431 536 sancti
1447 509 1567 544 Dionysii
1582 509 1682 536 librum
1697 509 1789 544 palatii

1008 544 1168 578 publiceque
1184 544 1352 578 proferrent;
1369 552 1422 578 quo
1438 550 1528 571 certus
1542 553 1606 572 csse
1620 550 1711 578 posset
1727 544 1789 571 har—

1009 580 1110 605 l'eliCUS
1127 579 1310 614 isteiiioster,
1330 587 1364 606 an
1387 580 1486 606 librqu
1512 580 1587 606 illtiiu
1611 581 1699 614 reipsa
1724 579 1788 608 falsi

1008 615 1169 648 postulasset
1188 613 1328 648 Hypatius,
1346 619 1374 641 ut
1388 615 1522 648 praetexit.

1044 650 1097 685 sed
1107 657 1168 675 cum
1179 650 1297 676 hanetit-i
1313 650 1417 676 nonnisi
1427 650 1565 683 epistolas,
1576 650 1617 676 vel
1626 651 1787 685 deprompta

1006 692 1039 710 cx
1056 684 1186 718 Epistolis
1200 685 1367 717 testimonia,
1379 684 1582 719 l'ragnientaqde
1594 694 1648 719 prie
1661 684 1789 713 manilius

1006 719 1156 751 haberent,
1172 725 1199 745 et
1211 729 1240 746 ea
1265 720 1374 753 quidem
1390 728 1404 745 a
1421 720 1564 747 cailtolicts
1590 720 1657 747 falsa
1672 721 1707 748 ob
1725 729 1788 752 eam

1005 762 1117 791 causam
1136 755 1301 791 egistiiiiata,
1313 756 1384 788 quod
1396 755 1448 791 illa
1469 763 1519 781 nec
1534 761 1644 783 sanctus
1658 756 1715 789 ipse
1730 757 1788 791 Cy-

1005 789 1081 816 rillus
1095 790 1172 822 alibi,
1186 798 1236 817 nec
1255 795 1367 817 sanctus
1386 789 1550 816 Athanasius
1564 794 1644 824 (quos
1659 789 1788 825 antiquos

1005 824 1153 859 appellant)
1173 831 1368 858 usurpaSsent;
1390 833 1452 852 cum
1477 825 1544 856 sola,
1568 827 1689 859 inquam,
1710 826 1786 860 ejus-

1005 861 1077 886 modi
1094 860 1247 887 testnnonia
1266 866 1363 894 praesto
1378 860 1432 886 illis
1454 860 1553 891 l'orent,
1566 861 1665 895 quibus
1679 862 1712 887 ad
1733 861 1786 888 ali-

1005 896 1077 928 quod
1103 896 1165 922 lidei
1192 901 1370 926 iitotitenluni.
1394 897 1479 930 ipsam
1501 902 1586 922 sancti
1610 897 1726 930 Cyrilli,
1749 904 1784 923 ea

1006 930 1061 956 illic
1085 931 1250 964 usurpantis,
1275 930 1465 957 auctoritatem
1488 938 1631 957 accersere
1651 939 1786 965 cogeren-

1005 970 1066 997 tur;
1081 966 1224 992 catholiris
1238 967 1324 992 visum
1344 971 1397 995 est,
1412 973 1494 999 penes
1508 974 1575 999 quos
1588 966 1688 992 nullius
1704 967 1785 1000 plane

1004 1003 1133 1027 momenti
1157 1006 1227 1032 erat,
1240 1002 1369 1034 quidquid
1393 1003 1425 1027 ad
1441 1001 1641 1028 conciliandam
1660 1008 1785 1029 testiino-

1003 1037 1056 1062 niis
1080 1036 1144 1072 illis
1158 1037 1248 1072 lideni,
1266 1044 1297 1063 ex
1322 1036 1449 1072 ascriptis
1470 1037 1596 1064 nimirum
1622 1042 1716 1063 sancto
1731 1038 1785 1072 (2y-

1003 1071 1065 1097 rillo
1086 1071 1162 1098 libris
1183 1071 1352 1105 jactabatur,
1377 1076 1404 1096 ut
1422 1070 1465 1097 illa
1487 1072 1599 1098 omnino
1626 1070 1784 1106 rejicereiit,

1002 1107 1066 1140 quia
1081 1113 1192 1133 sanctus
1213 1107 1272 1140 ipse
1288 1107 1405 1141 (lyriilus
1422 1114 1472 1133 nec
1493 1106 1519 1132 in
1537 1107 1671 1140 epiSIolis,
1689 1116 1741 1134 nec
1754 1108 1783 1135 iii

1001 1142 1127 1168 articulis
1157 1146 1204 1168 aut
1226 1142 1463 1168 aliatliciiiiitisiiiis
1490 1143 1650 1174 duodecim,
1679 1151 1729 1169 nec
1756 1146 1784 1170 in

1002 1176 1138 1210 Epliesiito
1156 1176 1283 1207 concilio,
1307 1178 1351 1203 tibi
1375 1185 1406 1203 ea
1430 1178 1488 1210 ipsa
1506 1178 1662 1203 testimonia
1688 1182 1785 1205 contra

1002 1211 1168 1243 Nestorium,
1184 1213 1333 1246 spirantem
1361 1214 1449 1239 adhuc
1472 1217 1499 1239 et
1517 1213 1624 1244 vivunt,
1643 1218 1785 1247 tantopere

1003 1247 1040 1273 illi
1059 1248 1213 1274 necessaria
1239 1254 1298 1274 esse
1315 1254 1347 1273 ac
1372 1250 1503 1281 prodesse
1525 1253 1681 1280 potuerant.
1706 1256 1784 1281 repe-

1003 1282 1090 1308 riatur
1103 1289 1267 1316 usurpasse;
1281 1283 1306 1308 id
1324 1282 1410 1308 visum
1427 1282 1532 1313 saltem,
1553 1287 1582 1308 ut
1597 1283 1631 1310 ab
1645 1283 1782 1310 lisereticis

1002 1319 1035 1342 ad
1048 1326 1096 1344 eos
1111 1318 1206 1349 libros,
1222 1319 1269 1352 qui
1286 1323 1382 1344 sancto
1398 1317 1497 1352 in'illo
1512 1318 1726 1348 ascribereittur,
1739 1323 1786 1345 ad-

999 1351 1072 1386 jccta
1091 1360 1151 1380 esse
1171 1359 1254 1387 atque
1267 1359 1359 1379 assuta
1376 1351 1581 1387 responderent.
1600 1354 1670 1386 Quin
1691 1354 1736 1379 ubi
1750 1362 1782 1381 ea

1002 1396 1031 1414 se
1045 1388 1172 1422 deinceps
1183 1396 1216 1414 ex
1235 1388 1357 1422 ipsismet
1368 1389 1455 1414 sancti
1469 1388 1561 1423 Cyrilli
1580 1389 1783 1422 patriarchatus

1001 1424 1122 1450 al'L'lthlS
1136 1432 1168 1449 ac
1189 1423 1376 1449 monumentis
1387 1424 1545 1457 deprompta
1562 1424 1720 1457 prodituros
1738 1433 1782 1449 rc-

1001 1464 1132 1492 ceperunt
1144 1458 1275 1490 haeretici,
1292 1457 1434 1485 catholicis
1450 1466 1543 1485 rursus
1560 1465 1609 1485 tioc
1627 1460 1716 1492 ipsum
1736 1467 1781 1484 re-

1002 1495 1116 1528 pudiare
1132 1494 1219 1520 visum
1240 1499 1292 1525 est,
1315 1493 1369 1519 iiisi
1397 1499 1461 1520 ante
1481 1501 1587 1520 certum
1612 1495 1723 1527 aliquod
1746 1503 1780 1521 ac

1002 1528 1141 1562 pra-ﬁxum
1168 1533 1273 1563 tempus
1297 1529 1436 1555 exstitisse
1453 1534 1626 1555 monumenta
1648 1529 1692 1555 illa
1715 1537 1782 1555 cou-

1001 1569 1097 1595 staret,
1113 1572 1160 1591 seu
1184 1564 1269 1590 fuisse
1290 1565 1340 1591 sub
1361 1564 1426 1598 ipsis
1446 1563 1560 1590 l’roterii
1586 1572 1618 1591 ac
1633 1563 1781 1595 Timothei,

1000 1605 1181 1633 cognomento
1197 1599 1365 1630 Salofacioli,
1382 1602 1549 1633 temporibus
1571 1600 1711 1634 explorata
1723 1600 1781 1634 jaiii

1000 1639 1027 1660 et
1042 1640 1179 1668 comperta
1204 1643 1252 1668 pro
1268 1635 1360 1661 certis.
1376 1636 1466 1668 Atque
1488 1637 1531 1661 ubi
1546 1637 1659 1662 subinde
1676 1639 1709 1661 ad
1733 1643 1782 1661 ex-

1001 1670 1140 1705 pendenda
1149 1669 1304 1705 singulatim
1315 1671 1483 1701 testimonia,
1492 1677 1519 1696 et
1527 1676 1678 1704 praesertim
1691 1670 1779 1696 sancti

1002 1704 1132 1739 Dionysii,
1155 1704 1264 1732 ventum
1279 1710 1331 1736 est,
1349 1707 1547 1739 veritatemque
1571 1706 1642 1732 illius
1656 1706 1779 1739 epistola:

1001 1741 1219 1774 disquirendam,
1236 1749 1289 1766 non
1310 1741 1427 1774 amplius
1441 1741 1607 1767 adhibentur
1628 1741 1673 1766 illa
1697 1742 1778 1767 verba

1001 1777 1072 1809 (qua.
1087 1776 1226 1806 prandisse
1241 1781 1390 1808 generatim
1405 1777 1536 1810 fuerant.)
1550 1777 1686 1802 liitaitttiiii
1703 1777 1779 1802 falsa:

1001 1816 1066 1836 sunt
1079 1812 1209 1845 epistolw,
1232 1818 1289 1837 sive
1305 1812 1519 1842 testiﬁcationes,
1538 1816 1566 1837 ut
1586 1819 1674 1846 neque
1696 1819 1778 1837 ouant

1001 1850 1111 1882 sanctus
1129 1846 1247 1882 Cyrillus
1268 1847 1383 1872 voluerit
1398 1847 1546 1873 recordari.
1565 1846 1663 1880 Utpote
1675 1849 1701 1872 iit
1716 1854 1779 1879 qut—

1000 1881 1052 1907 bus
1068 1882 1199 1908 dubitatio
1213 1883 1340 1908 falsitatis
1351 1883 1384 1908 ad
1399 1883 1486 1908 sancti
1502 1883 1592 1917 Lyi'illi
1605 1889 1778 1908 emissionem

1002 1917 1130 1948 rcl'ertur,
1143 1925 1177 1943 iis
1199 1918 1264 1951 ipsis
1281 1918 1346 1943 locis
1361 1923 1492 1949 notatam,
1511 1925 1557 1944 uni
1580 1923 1720 1952 tantopere
1735 1919 1780 1943 his

1000 1953 1123 1985 epistolis
1147 1960 1179 1986 ac
1200 1952 1362 1979 testimoniis
1385 1952 1540 1985 indigebat;
1559 1956 1605 1979 sed
1629 1954 1686 1978 haec
1709 1956 1780 1978 dun-

1002 1992 1077 2012 taxat
1097 1991 1152 2013 sola
1178 1993 1336 2020 nectuntur,
1363 1992 1432 2013 unde
1456 1995 1527 2014 nunc
1551 1994 1663 2021 potestis
1691 1993 1780 2014 osten-

1002 2024 1076 2053 dere,
1095 2030 1158 2056 qum
1174 2023 1246 2049 illius
1259 2027 1332 2055 suiil,
1352 2023 1444 2049 nescio
1459 2031 1465 2048 :
1482 2027 1509 2049 et
1527 2030 1636 2057 quidem
1652 2029 1712 2057 post
1726 2025 1780 2048 alia

1001 2058 1045 2083 illa
1059 2065 1114 2091 iam
1139 2059 1297 2092 praemissa;
1319 2065 1416 2092 nempe
1430 2061 1501 2092 quod
1527 2063 1638 2085 sanctos
1652 2062 1779 2084 Athana-

1001 2101 1068 2124 stus,
1084 2094 1105 2119 si
1123 2102 1139 2127 p
1155 2103 1171 2119 ο
1185 2099 1260 2120 certo
1274 2093 1332 2127 eJUs-
1350 2094 1432 2120 fuisse
1447 2099 1542 2121 sciret.
1557 2096 1598 2120 An
1615 2101 1679 2120 Vero
1695 2099 1721 2120 id
1737 2101 1779 2119 est

1001 2137 1062 2155 cuiu
1078 2135 1149 2154 tanta
1165 2129 1291 2155 liriiiitate
1309 2130 1393 2163 loqui,
1409 2134 1508 2163 qnanta
1521 2129 1658 2163 Jactulul‘?
1672 2136 1718 2154 aut
1734 2137 1780 2155 nc-

1000 2171 1066 2197 ειη-υ
1081 2172 1201 2195 omnino,
1216 2165 1287 2198 quod
1308 2169 1418 2190 sanctus
1440 2165 1602 2191 Athanasius
1627 2172 1708 2198 opera
1732 2167 1778 2190 illa

1002 2200 1134 2226 nuisset?
1155 2199 1200 2225 γει
1224 2200 1370 2233 quidquam
1388 2199 1459 2226 aliud
1483 2203 1544 2226 inde
1565 2199 1654 2233 colligi
1679 2205 1777 2233 possit,

1002 2242 1082 2268 quam
1097 2242 1180 2268 penes
1201 2242 1313 2262 iieuu'os
1334 2234 1452 2266 illorum,
1469 2242 1514 2268 qui
1536 2239 1587 2262 hac
1602 2238 1635 2261 de
1648 2242 1677 2261 re
1689 2242 1778 2263 uisce-

1003 2271 1127 2303 piabaut,
1147 2272 1280 2302 eiusmodi
1302 2279 1385 2304 opera
1406 2270 1562 2296 exstitisse?
1577 2277 1778 2304 proptereaque

1003 2307 1153 2331 catliolitos
1169 2313 1195 2331 iit
1216 2313 1298 2332 unum
1314 2312 1361 2332 aut
1376 2306 1490 2332 alterum
1511 2311 1706 2337 testimonium,
1727 2309 1776 2332 ad-

1001 2347 1096 2367 versus
1110 2349 1156 2367 eos
1171 2342 1243 2375 ipsos
1254 2341 1398 2375 prolatum,
1411 2348 1464 2367 non
1479 2347 1598 2373 potuisse
1609 2342 1777 2373 consentire,

1000 2383 1066 2408 qum
1089 2376 1175 2410 major
1190 2377 1244 2402 illis
1261 2385 1293 2403 ac
1309 2382 1422 2409 certior,
1442 2384 1524 2410 quatit
1543 2384 1559 2402 e
1577 2381 1662 2402 sancti
1682 2377 1776 2410 Cyrilli

1001 2412 1189 2443 contentiosis,
1209 2413 1448 2446 coittroveisisque
1461 2411 1581 2445 scriptis,
1597 2413 1712 2438 lii-initas
1728 2419 1776 2439 ac-

1000 2448 1138 2473 cessisset.
1152 2448 1180 2473 ld
1200 2454 1263 2473 vero
1278 2447 1305 2473 in
1326 2456 1357 2474 ea
1381 2452 1434 2473 tant
1450 2447 1554 2480 prolixa
1577 2449 1734 2478 collatione,
1748 2448 1777 2474 in

999 2489 1051 2514 qua
1066 2482 1123 2516 ipse
1138 2483 1208 2508 illius
1228 2488 1368 2509 enarrator
1383 2486 1415 2509 de
1429 2486 1508 2508 rebus
1522 2487 1561 2509 tot
1572 2490 1604 2508 ac
1617 2487 1670 2508 tam
1685 2482 1778 2509 diver-

999 2525 1037 2543 sis
1050 2522 1141 2544 actum
1156 2526 1217 2544 esse
1233 2523 1358 2549 testatur,
1373 2524 1543 2551 excussaque
1563 2523 1701 2544 momenta
1720 2523 1776 2545 tatu

999 2560 1084 2585 varia,
1102 2559 1131 2578 ut
1148 2555 1250 2580 ieierrc
1265 2560 1390 2579 universa
1407 2561 1460 2580 non
1480 2553 1576 2586 possit,
1597 2557 1664 2580 satis
1690 2561 1777 2588 agno~

999 2595 1079 2616 scere
1093 2588 1143 2622 ipsi
1161 2593 1318 2622 potuerant.
1341 2589 1574 2620 Quemadmodum
1591 2594 1618 2615 et
1634 2597 1664 2615 se
1676 2590 1775 2616 ibtdctu

999 2626 1160 2651 n0nuulium
1176 2631 1210 2650 ex
1223 2624 1284 2650 aliis
1296 2632 1405 2657 quoque
1418 2625 1582 2651 testimoniis
1594 2625 1704 2658 legisse,
1723 2633 1776 2652 tiiio

998 2666 1025 2685 et
1040 2667 1130 2686 omnia
1156 2667 1306 2693 pervtuisse
1330 2660 1498 2693 signiﬁcant;
1518 2667 1579 2686 cum
1598 2668 1673 2694 prius
1698 2668 1774 2687 aiunt

998 2700 1127 2728 prodesse
1140 2695 1185 2721 illa
1207 2701 1301 2722 sancto
1315 2696 1416 2730 (.yriilo
1436 2699 1531 2731 contra
1547 2696 1704 2722 hestortuiu
1726 2703 1775 2731 p0-

999 2731 1093 2762 tuisse,
1110 2731 1132 2757 si
1143 2732 1176 2757 ab
1193 2732 1239 2756 illo
1250 2730 1369 2757 adhibita
1387 2735 1450 2756 tunc
1461 2730 1587 2757 fuissent.
1635 2762 1639 2766 .

1033 2766 1102 2797 Quid
1125 2766 1206 2800 igllut'
1221 2773 1253 2791 ex
1268 2766 1310 2792 bis
1325 2768 1434 2792 dentum
1453 2767 1510 2792 erui
1528 2767 1654 2794 omnibus
1673 2772 1774 2802 potest,

997 2809 1052 2834 quo
1074 2805 1211 2834 generalis
1233 2804 1277 2827 iila
1301 2806 1327 2827 et
1350 2802 1510 2836 perentiqua
1536 2810 1690 2836 persuasio,
1714 2810 1775 2836 qua:

998 2839 1048 2862 hos
1063 2837 1136 2869 ipsos
1149 2838 1229 2863 beato
1241 2837 1367 2872 Dionysio
1379 2837 1463 2864 libros
1473 2840 1581 2870 asserit,
1591 2838 1776 2865 convellatur?

997 2875 1037 2898 An
1052 2877 1179 2905 pl‘ttdlcl'd
1197 2873 1322 2899 tortas-sis
1344 2874 1541 2900 catholicorum
1559 2880 1707 2904 recusatio,
1721 2882 1774 2907 qua

997 2916 1134 2942 suscipere
1145 2908 1204 2936 ilics
1217 2914 1334 2937 renuunt
1347 2916 1377 2936 ac
1389 2910 1560 2937 detrectant?
1572 2909 1608 2936 At
1619 2910 1691 2937 enini
1705 2912 1776 2937 nihil
