1918 3087
169 199 238 228 1065

631 198 796 227 νιΝῡιριιε
815 198 958 229 οΡΕιιυΜ
976 197 1314 227 AREOPACITICORUM.

1721 197 1790 227 ιοιισ

167 269 244 295 men,
257 261 397 295 inquiens,
407 261 536 296 quoniam
560 261 640 288 istam
659 265 843 296 proponentes
858 260 957 287 adver-
973 262 996 291 A
1011 265 1094 292 tentia
1112 262 1253 290 sanissima
1274 265 1315 287 est
1329 269 1336 287 :
1362 259 1452 287 minus
1466 264 1522 287 tute
1538 259 1606 293 (aevo
1621 261 1789 293 μοιῑςςῐπηηηι

168 304 215 324 sus
231 304 279 323 nos
295 295 422 327 causam,
434 304 467 323 ex
479 304 512 323 eo
524 296 594 329 quod
612 295 736 322 videnlur
752 296 805 323 tale
820 295 950 330 ﬂagitium

169 331 340 367 impugnare,
365 339 428 367 suas
456 331 598 367 opiniones
615 332 816 367 corroborant;
833 331 952 367 bonum

168 372 221 400 est,
236 372 265 395 ut
282 373 326 394 tua
341 367 367 393 in
382 366 492 394 Christo
508 366 651 401 perfectio,
673 370 754 401 prout
769 366 816 393 tibi
832 366 857 393 in
876 373 953 393 mett-

170 408 223 430 tem
252 402 376 437 iniecerit
405 402 523 437 Spiritus
547 407 670 433 sanctus,
685 409 777 429 eorum
792 401 953 428 occasiones

168 443 300 473 amputet,
317 437 363 471 qui
381 443 507 472 quaerunt
524 437 656 464 adversus
672 444 722 463 nos
731 437 889 473 occasiones
900 444 908 468 ;
921 441 952 473 et

168 471 334 509 persuadeat
357 471 410 504 eis,
424 473 469 507 qui
497 479 546 509 per
567 472 730 509 calumniam
749 473 807 509 btet-
824 471 952 509 Ecclesia:

168 507 215 537 Dei
229 508 336 536 crimini
352 512 473 539 vertunt,
493 507 594 534 nullum
612 508 765 540 hujusmodi
783 507 851 541 apud
871 507 953 534 Chri-

168 545 272 572 stianos
286 550 347 571 esse
363 544 472 577 dogma,
487 550 575 577 neque
592 543 762 577 praedicari.»
777 542 846 569 Tum
873 542 900 569 in
920 550 954 569 eo

170 580 286 613 deu‘que
304 584 375 607 totus
390 583 442 610 est,
458 584 488 605 ut
511 578 650 610 ostendat,
680 578 815 606 binariutn
834 577 952 604 filiorum

168 622 311 642 numerum
331 614 443 649 minime
458 613 547 649 colligi
563 621 596 640 ex
619 622 628 638 ι
642 613 834 648 conjunctione
850 618 955 640 naturae

170 650 296 678 humanae
320 656 383 676 cum
418 648 552 679 Verboii
586 649 632 675 sed
660 659 669 674 ι
687 654 798 684 propter
828 652 954 675 exactam

168 686 297 713 unionem
308 689 451 719 assumptte
462 685 552 711 carnis
563 688 590 710 et
601 685 763 711 nssumentis
774 683 952 715 divinitatis,»

169 721 215 748 uni
231 720 298 747 Filio
310 720 420 747 Christo
438 728 446 744 ι
463 719 659 747 communicari
682 725 709 746 et
727 724 820 746 mutuo
837 719 896 745 dari
912 727 956 745 uo-

169 756 255 787 miua,
269 755 307 782 ita
323 759 352 782 ut
373 759 398 782 et
416 755 562 782 humanum
577 761 608 781 ett
622 755 724 787 divino,
740 759 766 780 et
784 754 904 780 divitnttn
921 761 955 780 ex

169 791 289 819 lmmauo
305 790 524 817 denoruinetur.»
545 788 691 817 Verhulunt
703 790 824 817 occurrit
840 789 954 818 unllum.

169 827 241 859 quod
257 825 422 856 subindicet,
450 824 600 859 Theophilo
617 825 802 852 Alexandrino
820 824 956 859 placuisse

169 864 349 896 temperatum
374 860 630 895 Apollinaristarum
650 861 755 896 dogma
773 868 781 892 ς
804 860 957 896 ipsumque

167 893 289 926 curasse.
308 900 338 922 ut
353 893 457 923 naturae
479 896 569 922 unitas
588 895 614 922 in
642 893 754 923 Christo
778 893 860 921 editis
878 893 956 921 libris

1010 300 1067 331 illo)
1086 299 1155 326 duas
1169 298 1222 325 dici
1244 297 1270 324 in
1295 296 1404 331 Christo
1427 300 1540 322 naturas
1556 296 1606 322 nisi
1622 303 1673 323 una
1687 297 1791 323 dicatur

1004 330 1085 363 Verbi
1103 339 1198 361 natura
1217 333 1366 359 incarnata.
1379 330 1524 365 Propterea
1536 331 1607 364 quod
1620 331 1665 358 ubi
1676 333 1735 358 duas
1748 332 1791 359 dl-

1003 376 1104 399 cnntur
1112 368 1213 397 Christi
1222 372 1334 398 naturae,
1343 366 1455 393 dttamm
1464 366 1556 393 statim
1568 365 1664 393 ebullit
1673 367 1791 400 suspicio

1004 412 1196 442 personarum.
1207 403 1380 442 Etenim_non
1392 400 1463 428 aliud
1471 405 1513 428 est
1521 406 1627 442 natura.
1643 401 1716 429 aliud
1729 409 1792 442 per-

1004 437 1068 470 sona
1084 450 1092 472 ;
1107 441 1154 468 sed
1169 447 1222 466 una
1238 443 1264 465 et
1275 437 1368 464 eadem
1387 444 1429 463 res
1449 443 1508 463 cum
1524 437 1570 470 sit,
1585 437 1663 463 aliter
1675 442 1701 463 et
1713 437 1791 465 aliter

1004 477 1177 510 signiﬁcatur
1192 477 1263 509 (qua:
1277 471 1417 510 distinctio
1432 472 1458 498 in
1474 472 1722 510 scholisuvirtunlis
1742 481 1791 508 np—

1004 507 1145 548 pellaturi,
1164 507 1290 545 quocirca
1305 507 1453 548 plurimum
1480 507 1594 541 periculi
1622 508 1735 548 ingruit,
1758 507 1791 548 ne

1005 542 1142 583 heminam
1173 542 1285 576 natura,
1306 542 1469 578 ’gentinetur
1493 548 1529 583 et_
1542 542 1669 577 persona.
1690 542 1791 570 Deinde

1005 577 1066 613 'cutn
1083 583 1142 610 duze
1159 582 1287 609 dicuntur
1309 577 1426 608 naturm,
1453 577 1529 611 quasi
1552 585 1585 604 ex
1604 585 1681 612 atquo
1697 586 1792 606 nume-

1006 624 1110 652 rantur,
1129 625 1218 652 eoque
1233 615 1349 652 seorsim
1373 619 1545 652 ttnaqurrque
1569 614 1706 652 cogitatur
1722 624 1728 640 :
1745 615 1790 642 vix

1006 648 1109 686 autem,
1120 661 1153 681 ac
1173 648 1222 680 nec
1235 652 1278 678 vix
1290 648 1407 685 cogitari
1423 649 1538 686 seorsim
1554 649 1682 686 quaelibet
1703 654 1792 686 potest

1007 683 1117 722 natura,
1129 689 1194 723 quin
1216 683 1339 723 personae
1367 683 1695 723 proprietateyestjatur.
1712 685 1793 723 Deni-

1006 733 1059 759 qtte
1073 717 1128 752 non
1140 717 1193 751 alia
1206 717 1292 756 magis
1305 719 1431 747 machina
1445 717 1588 759 [Vestorius
1602 719 1669 759 duas
1682 720 1791 759 scinde-

996 754 1053 788 .liat
1065 767 1209 794 personas,
1226 754 1308 791 quam
1324 759 1430 794 natura!
1439 754 1562 794 _dt_tplici_s
1577 755 1789 794 praedicatione:

1007 788 1089 830 atqtie
1106 788 1271 830 itaiab’ipsa
1295 790 1413 818 veritate
1437 788 1549 817 falsitati
1573 788 1699 830 prtesidia
1716 797 1792 817 cout-

1007 825 1131 866 parabat.
1146 829 1176 857 Si
1191 825 1250 866 duit:
1267 831 1358 866 autem
1378 830 1483 866 naturae
1509 832 1561 851 non
1580 825 1617 852 ila
1632 830 1792 866 statuantur

1007 860 1043 896 ob
1055 867 1162 896 oculos,
1180 871 1209 892 ut
1222 864 1292 891 bime
1315 860 1395 889 simul
1411 868 1444 888 ex
1467 867 1545 894 aaquo
1562 862 1722 895 procedant.
1743 861 1791 888 sed

1008 907 1037 929 ut
1051 902 1137 929 altera
1150 895 1330 934 subjttngatur
1354 895 1454 934 alteri;
1477 900 1507 934 u_t
1527 903 1580 923 una
1603 896 1791 934 principaliter

168 932 373 968 vindicaretur;
400 937 502 968 eosque
521 931 621 968 invecti
646 931 744 968 bibat-ii
769 930 886 957 filiorum
905 937 957 956 nu-
971 935 993 963 Β
1007 938 1141 968 emineat,
1163 930 1385 963 alfera‘mcessio
1407 932 1466 966 ejus
1481 931 1517 957 sit
1530 940 1536 958 ;
1548 939 1607 968 una
1630 930 1711 957 fuerit
1724 939 1792 958 sem-

168 967 237 995 tueri
253 966 437 998 insimulasse,
451 967 497 1000 qui
514 966 582 993 duas
605 966 630 992 in
654 965 764 993 Christo
785 971 898 992 naturas
913 971 956 992 tu-

166 1003 307 1031 tabantur.
334 1001 390 1028 lmo
420 1000 652 1034 Apollinaristas,
678 1002 761 1028 veluti
796 1001 956 1035 itnposturte

166 1038 270 1068 fabros,
279 1037 348 1070 apud
365 1036 544 1070 Theophilum
557 1042 668 1064 accusat
683 1037 821 1071 Nysseuus
833 1045 840 1068 ;
854 1037 956 1069 ipsum-

166 1081 220 1108 que
251 1079 410 1106 peruwvere
431 1075 542 1104 studet,
560 1076 619 1108 ἰιιῄ
639 1072 780 1099 hominum
810 1072 954 1108 audaciam

166 1106 317 1140 cohibeat,
352 1114 519 1141 causamque
559 1106 688 1135 Ecclesia:
723 1115 772 1142 pro
805 1107 876 1134 virili
907 1107 954 1133 de-

163 1144 267 1172 fendat.

205 1178 263 1205 Vita
290 1178 396 1205 mortali
422 1177 514 1206 functo
528 1177 688 1210 Theophila.
707 1178 799 1205 sedem
835 1177 954 1204 Alexan-

165 1215 272 1242 drinam
287 1221 359 1241 anno
374 1213 437 1244 ΗΞ,
463 1213 581 1241 obtinuit
596 1212 784 1249 CyrillusaEx
799 1213 950 1249 Areopagi-

166 1250 228 1277 ticis
238 1249 295 1283 jam
311 1249 435 1276 contictis
450 1249 526 1276 libris
543 1247 702 1283 deprompta
719 1248 754 1275 ab
773 1256 806 1275 eo
823 1247 952 1275 uonuttlla

165 1284 340 1319 lestimoniat
350 1284 500 1319 eademque
514 1283 633 1311 adhibita
649 1284 675 1311 in
687 1291 769 1318 opere
780 1288 875 1310 contra
890 1283 953 1310 Dio-

165 1321 263 1348 dorum
279 1323 307 1348 et
333 1318 519 1351 Theodorum,
540 1320 624 1346 nimia
643 1319 807 1346 conlidentia
831 1326 953 1353 pronun-

165 1356 215 1383 tiat
231 1355 362 1383 Crczeus.
391 1354 549 1382 Severianis
566 1355 592 1381 id
611 1354 748 1382 aientibus
765 1355 792 1380 in
816 1353 952 1382 Constan-

165 1390 346 1425 tinopolitaua
365 1389 521 1420 collatione.
534 1395 594 1425 tam
622 1389 705 1417 facile
726 1389 805 1425 ﬁdem
822 1393 952 1424 praestan-

164 1423 296 1454 datn'uon
312 1432 384 1456 esse,
412 1424 607 1453 admonuimus
632 1433 707 1452 num.
735 1425 764 1453 2.
781 1423 950 1459 Lequienum

163 1469 239 1495 vero,
254 1469 334 1494 quem
350 1461 432 1488 veluti
456 1460 506 1488 sibi
535 1460 671 1488 faventem
696 1459 828 1495 appellat,
847 1460 950 1487 diserte

164 1498 310 1525 adversum
328 1497 409 1523 habet
437 1496 464 1523 in
486 1496 683 1526 bissertatione
707 1495 901 1522 Damascenica
922 1495 949 1527 2,

163 1540 240 1560 num.
257 1532 300 1564 Π,
317 1531 362 1559 ubi
379 1532 437 1559 hmc
449 1531 532 1559 habet
546 1539 554 1557 :
572 1540 581 1556 ι
597 1530 636 1558 Ex
655 1531 707 1558 illis
722 1531 824 1565 itaque,
839 1531 871 1557 de
887 1531 949 1564 qui-

163 1568 215 1595 bus
230 1571 294 1594 ante
319 1567 465 1601 disputavi,
484 1567 719 1593 lucubrationibus
746 1566 842 1598 variis,
854 1573 949 1593 acnou

163 1611 197 1630 ex
214 1602 333 1637 Dionysii
357 1602 552 1636 (Areopagitae)
584 1601 671 1633 libris,
702 1601 822 1636 Cyrillus
845 1601 948 1633 intulit,

164 1645 247 1665 unam
259 1636 402 1664 dicendam
416 1645 477 1665 esse
493 1636 595 1664 Christi
613 1636 719 1664 Domini
735 1642 860 1664 naturam
883 1644 947 1670 pro-

164 1679 225 1707 pter
242 1673 423 1700 arctissimam
449 1673 576 1699 unionem
601 1671 753 1700 divinitatis
768 1679 830 1699 cum
851 1672 949 1699 buma-

163 1708 267 1735 nitate:
292 1715 373 1735 unam
403 1707 494 1735 itidem
513 1707 558 1734 Dei
573 1707 651 1734 Verbi
677 1712 804 1734 naturatn
818 1707 948 1734 incarna-

163 1748 246 1770 tam.)
278 1741 412 1770 Nimirum
446 1744 503 1770 inec
529 1742 681 1777 posteriora
711 1743 793 1769 verba
822 1742 949 1777 leguntur

163 1778 233 1806 libro
247 1786 266 1805 ll
282 1783 373 1805 contra
394 1777 558 1810 Nestorium,
575 1783 602 1804 et
628 1777 654 1804 in
684 1777 805 1812 Epistola
824 1779 858 1803 ad
878 1777 949 1804 Aca-

162 1815 231 1841 cium
250 1813 451 1845 Melitinensem,
480 1817 508 1841 et
529 1812 554 1839 iu
582 1813 788 1840 Commonitorio
814 1813 848 1839 ad
866 1812 949 1838 Eulo-

161 1857 234 1884 gium
247 1855 256 1874 :
269 1849 419 1884 eademque
436 1849 471 1876 ab
485 1847 560 1884 omni
571 1847 774 1884 Apollinaristui
789 1848 948 1882 suspieione

163 1883 287 1919 purgavit
301 1884 327 1910 iu
342 1883 471 1918 Epistolis
487 1883 520 1909 ad
534 1883 701 1911 Successum.
728 1883 870 1910 Habeu'tur
883 1890 948 1919 vero

163 1918 253 1953 priora
269 1920 350 1947 verba
365 1920 391 1946 iu
418 1920 527 1947 laudato
550 1919 768 1952 Commonitorio,
784 1919 828 1946 ubi
856 1919 896 1947 sic
909 1918 949 1945 ait

162 1955 352 1982 sanctissimus
376 1953 457 1982 Pater
480 1965 485 1982 ε
526 1963 536 1980 ι
554 1954 683 1983 Unittoue
711 1961 860 1987 concessa,
893 1961 948 1982 non

163 1991 265 2017 distant
280 1989 398 2024 amplius
408 1991 442 2017 ab
459 1990 586 2025 invicem,
612 1997 672 2024 quae
697 1990 772 2017 unita
790 1997 871 2023 sunt;
900 1990 948 2018 sed

164 2026 292 2066 deinceps
305 2025 389 2066 li‘dius
403 2030 445 2054 est
457 2035 509 2053 una
526 2025 611 2061 ipsius
628 2030 738 2059 natura,
753 2025 842 2053 Verbo
853 2026 948 2061 utique

161 2069 243 2088 carne
258 2061 340 2087 facto.
347 2070 356 2086 ι

197 2097 262 2128 Quae
283 2103 345 2123 cum
371 2097 428 2131 ipse
456 2101 486 2125 et
514 2097 673 2132 scripserit.
702 2103 729 2126 et
758 2099 946 2130 vindicaverit,

161 2136 294 2165 quantum
305 2132 345 2169 ab
359 2140 455 2169 errore
478 2133 735 2167 Apolltnurlalat'ulll
763 2135 948 2169 Eutychiauo-

162 2174 277 2201 rumque
304 2166 463 2204 longissime
492 2166 616 2200 distaret,
645 2170 754 2204 egregie
783 2166 899 2204 probant
915 2177 948 2197 ac

160 2204 291 2229 evincunt
321 2202 477 2237 Lequienus
505 2204 565 2230 loco
585 2202 686 2236 citato,
702 2202 856 2232 Ludovicus
872 2204 948 2232 Tho-

161 2237 298 2275 massinus
315 2237 352 2275 De
367 2239 569 2271 lncaruatiane,
586 2239 656 2266 libro
681 2247 723 2273 ιιι,
738 2242 829 2275 capite
848 2241 893 2273 l5,
920 2245 949 2267 et

162 2273 307 2309 Dionysius
323 2273 449 2301 Petavius
474 2275 544 2302 libro
569 2282 608 2306 tv,
625 2275 714 2308 capite
728 2276 755 2307 7,
772 2273 799 2302 et
815 2276 885 2303 libro
908 2283 945 2309 vt,

161 2308 206 2335 ubi
221 2315 387 2345 anonymutn
403 2310 595 2337 Calviuiauum
622 2310 758 2338 hominem
775 2319 824 2345 pro
842 2312 947 2338 meritis

160 2343 285 2383 castigat,
296 2343 348 2383 qui
365 2345 417 2383 hoc
429 2345 670 2383 demonstrandum
696 2343 822 2381 suscipit,
848 2346 946 2374 Nesto-

160 2380 232 2417 rium
250 2380 465 2417 impurissimum
485 2381 708 2413 baeresiarcbam,
722 2380 795 2417 pium
811 2388 841 2409 et
854 2383 948 2410 catho-

160 2414 360 2450 licuutfuisse:
384 2417 444 2443 illos
466 2420 569 2447 autent,
595 2424 610 2442 a
635 2414 735 2450 quibus
748 2418 948 2445 condemnatus

158 2449 363 2490 est.__Cy_rillult_n
389 2451 606 2490 et_presiuam
632 2449 776 2488 synodum,
804 2453 949 2490 hatreticos

159 2489 188 2512 et
206 2486 317 2522 impios.
330 2486 450 2514 Consule
465 2490 545 2519 caput
558 2487 585 2519 8,
599 2487 625 2514 in
639 2486 694 2522 quo
706 2488 853 2519 sententia.
866 2496 946 2522 quant

159 2526 187 2547 et
201 2520 321 2549 Crozeus
332 2523 458 2558 opponit,
474 2522 586 2558 innoxia
611 2520 789 2558 et‘apprime
811 2520 947 2551 catholica

159 2531 187 2547 et
201 2531 348 2549 urozeuso
371 2531 458 2557 ponit,
474 2531 586 2548 tnuoxta
611 2531 640 2550 et
665 2531 789 2558 apprttne
811 2531 946 2551 catnottca

159 2557 322 2596 ostenditur.
344 2531 460 2596 gentem
473 2556 587 2596 Cyrdli,
602 2558 812 2596 consiliumque.
825 2559 946 2586 omnium

160 2592 331 2628 lucidissime
362 2593 491 2628 patefacit
513 2593 642 2620 laudatus
671 2593 868 2621 Thomasaiuus
892 2595 945 2622 loc.

159 2628 221 2667 eit._
231 2627 317 2655 Verba
333 2627 392 2667 ejus
399 2628 521 2667 Are‘feroz'
531 2635 605 2667 quae_
617 2629 739 2667 maximo
749 2633 776 2655 et
790 2630 867 2667 infra
884 2630 946 2657 usui

159 2662 239 2690 nobis
253 2669 345 2690 erunt.
364 2663 446 2698 662
475 2672 484 2689 ι
499 2662 637 2696 Nestorio,
665 2664 764 2698 inquit,
790 2664 947 2695 iusidiosius

159 2699 228 2736 duas
241 2698 414 2736 jactante’tti
423 2699 534 2727 Christo
549 2703 660 2736 naturas
671 2719 678 2732 ,
696 2705 723 2726 et
738 2700 822 2734 (quod
837 2701 948 2736 nequis-

160 2734 259 2762 simum
277 2734 382 2762 fraudis
393 2742 478 2769 genus
491 2736 544 2769 est)
569 2735 603 2761 de
621 2736 734 2762 veritate
760 2736 817 2768 ipsa
838 2734 946 2763 veritati

160 2769 290 2799 invidiam
306 2770 461 2803 conﬂante;
477 2777 511 2797 ue
526 2776 643 2797 duarum
657 2774 818 2797 naturarum
834 2771 947 2798 obtentu

159 2805 220 2841 dote
245 2812 356 2840 quoque
370 2806 586 2841 impii-gerentur
601 2813 736 2839 personae,
753 2807 823 2833 hanc
835 2812 884 2833 aut
897 2814 946 2833 cx-

158 2839 299 2875 cogitavit,
316 2845 363 2867 aut
380 2839 545 2868 inStauravit
559 2840 678 2876 Cyrillus
704 2843 760 2876 jam
783 2848 852 2875 pene
865 2843 946 2869 oblit-

160 2880 276 2903 teratam
301 2876 684 2912 eloquendilocat-nationis
709 2877 856 2904 formulam
872 2878 945 2912 (cum

159 2912 274 2944 diceret,
290 2919 442 2939 uuamesse
457 2911 533 2939 Verbi
548 2911 594 2937 Det
611 2917 735 2938 naturam
754 2913 945 2946 incarnatam),

158 2946 241 2980 Cujus
257 2947 360 2976 oraculi
389 2951 446 2975 bam
473 2948 592 2975 maxime
618 2948 792 2983 signiﬁcant),
814 2952 870 2977 Dim:
885 2957 946 2976 sen-
987 2981 991 2983 γ

1008 981 1055 1008 per
1070 977 1097 1000 et
1112 966 1207 1008 pergat
1231 976 1301 1008 esse,
1332 968 1417 1008 altera
1445 973 1532 1001 nuper
1548 966 1585 993 illi
1615 968 1789 1008 act-reverita

996 1002 1061 1035 ,ima
1074 1002 1122 1035 sua
1147 1002 1199 1033 sibi
1223 1006 1271 1035 sit.
1299 1003 1340 1031 sui
1355 1002 1426 1036 juris
1451 1009 1562 1037 suaeque
1584 1003 1728 1036 potestatis
1742 1002 1789 1035 sit,

1006 1051 1056 1078 per
1069 1051 1098 1070 se
1116 1040 1322 1078 immutabiliter
1338 1044 1364 1078 et
1382 1037 1624 1078 sempiterueﬂsit;
1648 1038 1738 1071 altera,
1750 1037 1791 1078 illi

1007 1072 1036 1106 ut
1054 1078 1177 1112 subjecto
1194 1076 1322 1112 accidens
1339 1073 1497 1112 incumbat,
1522 1072 1562 1112 illi
1586 1077 1791 1112 superstruatnr

1007 1119 1035 1141 ut
1048 1108 1238 1143 fundamento,
1262 1109 1335 1137 illius
1354 1108 1409 1143 juri
1437 1108 1588 1143 censuique
1606 1108 1725 1141 ascripta
1742 1108 1789 1142 sit,

1006 1150 1079 1177 illius
1095 1147 1205 1183 propria
1223 1142 1251 1174 et
1269 1144 1345 1178 quasi
1356 1142 1533 1183 'portiuncula
1544 1142 1590 1176 sit,
1607 1150 1655 1177 per
1669 1151 1699 1171 se
1715 1151 1792 1183 seor-

1005 1186 1056 1212 sitn
1074 1177 1125 1212 nec
1138 1177 1185 1215 sit,
1200 1189 1250 1210 nec
1272 1177 1390 1214 unquam
1415 1177 1517 1215 fuerit;
1537 1183 1594 1215 tum
1617 1186 1682 1206 vero
1701 1179 1790 1215 otuuis

1005 1220 1114 1248 eluetur
1131 1220 1157 1246 in
1176 1213 1292 1254 gemina:
1310 1213 1414 1241 natura:
1429 1213 1599 1249 professione
1614 1214 1733 1249 suspicio
1744 1222 1791 1249 ge-

1005 1255 1114 1282 minata:
1130 1260 1263 1288 persontc.

1043 1299 1053 1316 ι
1068 1291 1103 1317 At
1119 1285 1145 1317 id
1157 1287 1275 1323 Cyrillus
1288 1286 1396 1323 molitus
1408 1306 1423 1320 ,_
1440 1286 1465 1313 id
1490 1290 1658 1323 causecutus
1678 1289 1719 1313 est
1743 1285 1789 1323 ubi

1005 1333 1086 1355 uuam
1099 1325 1168 1352 dixit
1179 1320 1305 1350 naturam
1315 1322 1586 1350 Verbiiucarnatnm.
1602 1320 1707 1348 Eminet
1717 1321 1790 1348 enim

1004 1367 1032 1390 et
1049 1361 1158 1399 primas
1170 1362 1253 1399 tetigt,
1271 1358 1326 1399 itno
1341 1357 1397 1398 sola
1415 1357 1440 1399 in
1455 1361 1632 1399 conspectuin
1646 1357 1738 1397 statim
1753 1363 1789 1396 _se

1002 1391 1057 1424 dat'
1073 1391 1260 1431 principalt‘ter
1273 1391 1402 1422 divinitas
1416 1392 1514 1431 Verbi;
1536 1399 1585 1431 nec
1599 1391 1665 1418 latet
1679 1391 1787 1431 iutetjm

1001 1427 1126 1460 caro-seu
1144 1427 1312 1460 humanitas,
1328 1435 1362 1455 ex
1378 1435 1432 1463 qtto
1451 1428 1551 1455 dicitur
1571 1427 1721 1463 incuruata.
1737 1427 1789 1454 Oc-

1002 1472 1094 1495 cursat
1119 1467 1217 1500 itaque?
1233 1471 1286 1491 non
1309 1461 1397 1500 deitas
1413 1467 1440 1490 et
1457 1471 1538 1500 caro:
1557 1461 1612 1500 sed
1624 1461 1712 1489 deitas
1727 1470 1788 1489 cum

1002 1510 1101 1530 carne:
1130 1497 1183 1528 non
1210 1499 1281 1526 Deus
1304 1503 1332 1526 et
1349 1498 1502 1531 hontorsed
1517 1497 1587 1524 Deus
1607 1497 1786 1529 humuuatus;

1002 1545 1056 1564 non
1070 1537 1167 1571 duplex
1182 1539 1293 1566 natura,
1304 1534 1393 1561 deitas
1404 1532 1788 1571 etbumanitas,sed,_sittiplex

1003 1567 1234 1602 uatura‘dcitatis,
1255 1577 1316 1596 cum
1339 1569 1496 1596 accessione
1515 1567 1699 1596 humanitatis.
1721 1569 1786 1594 Ete-

1001 1608 1056 1635 nim
1069 1607 1113 1634 ubi
1127 1607 1188 1634 dua:
1212 1610 1317 1632 natura:
1332 1605 1459 1631 dicuntur
1473 1604 1543 1631 Deus
1561 1607 1588 1630 et
1602 1603 1694 1635 ltotno,
1711 1608 1787 1630 utra-

1000 1651 1053 1678 que
1068 1647 1164 1669 natura
1185 1647 1234 1678 per
1248 1647 1279 1678 se
1294 1639 1465 1678 nominatur,
1477 1646 1525 1673 per
1543 1646 1574 1666 se
1589 1638 1738 1678 cogitatur;
1760 1641 1788 1666 et

999 1674 1048 1713 per
1065 1685 1094 1704 se
1118 1674 1253 1714 nominari
1273 1675 1422 1714 cogitarire
1442 1676 1485 1714 vix
1512 1678 1615 1714 potest,
1632 1674 1698 1714 quin
1723 1681 1786 1712 per-

1000 1709 1073 1741 aoua:
1095 1713 1192 1746 cuique
1213 1718 1268 1738 sua:
1288 1709 1553 1746 suspiciorobrepat.
1576 1711 1613 1737 At
1628 1710 1672 1746 ubi
1689 1709 1785 1746 natura

1001 1753 1105 1775 tanttttn
1122 1744 1204 1775 Verbi
1227 1746 1370 1773 incarnata
1394 1745 1504 1776 dicitur.
1527 1752 1578 1772 una
1602 1744 1732 1779 primario
1759 1750 1787 1771 et

1000 1791 1048 1818 per
1073 1791 1103 1810 se
1127 1781 1398 1818 subsisteusunatura
1421 1781 1582 1808 obversatur
1604 1780 1785 1812 aninto,cutn

999 1815 1103 1846 natura:
1118 1817 1228 1844 alterius
1241 1815 1434 1843 additatueuto.

1038 1863 1049 1880 ι
1073 1853 1254 1887 Quamobrem
1280 1850 1385 1887 singpla
1401 1851 1470 1886 .ejus
1498 1851 1678 1879 confessionis
1702 1852 1785 1879 verba

1000 1885 1129 1917 momenti
1152 1885 1411 1923 plurimtnp_alfert_‘e
1425 1885 1487 1923 non
1499 1886 1633 1923 immerito
1649 1887 1783 1923 videntur,

1000 1926 1034 1952 ad
1056 1924 1117 1951 lidei
1133 1920 1264 1950 adversus
1285 1920 1461 1949 Nestorianas
1483 1922 1595 1949 insidias
1615 1922 1787 1949 stabilimen-

1001 1965 1069 1986 tttm.
1086 1958 1153 1985 Nam
1171 1958 1191 1985 l.
1210 1957 1313 1984 Natura
1330 1963 1382 1983 una
1398 1957 1499 1984 dicitur
1515 1956 1611 1984 Verbi:
1626 1964 1657 1984 ac
1672 1958 1786 1991 proinde

999 1995 1113 2029 perinde
1129 1993 1209 2020 nobis
1221 1998 1273 2026 est,
1289 1999 1336 2019 seu
1355 1996 1480 2029 naturam
1497 1993 1532 2019 ibi
1547 2000 1595 2026 pro
1611 1998 1707 2029 natura
1722 1995 1785 2019 stri-

1000 2027 1082 2062 ctius,
1106 2036 1154 2056 seu
1180 2036 1228 2063 pro
1251 2035 1366 2063 persona
1380 2027 1466 2063 Iasius
1488 2032 1624 2062 sumptam
1643 2027 1786 2055 arbitreris

999 2061 1139 2100 (namque
1163 2061 1293 2098 Cyrillum
1320 2062 1365 2100 alii
1393 2061 1472 2089 aliter
1498 2061 1668 2100 interpretati
1691 2064 1783 2098 sunt).

999 2097 1072 2128 Nihil
1095 2097 1143 2126 aut
1168 2097 1313 2134 perparum
1339 2097 1621 2134 interestLutrishbet
1652 2097 1784 2131 accedas;

999 2143 1063 2164 nam
1075 2132 1191 2170 persona
1207 2132 1234 2161 et
1246 2139 1343 2160 natura
1363 2140 1417 2159 non
1434 2132 1572 2170 differunt,
1584 2134 1637 2160 nisi
1649 2139 1784 2170 conceptu

1000 2167 1116 2203 mentis;
1132 2174 1160 2197 et
1175 2177 1223 2196 seu
1241 2176 1385 2205 personam
1401 2167 1442 2205 vel
1459 2169 1628 2205 hypostasim
1648 2168 1725 2197 Verbi
1738 2167 1783 2196 in-

998 2211 1140 2235 cantatam
1151 2212 1198 2233 seu
1212 2208 1335 2231 naturam
1348 2203 1430 2231 Verbi
1443 2209 1471 2230 ιιι
1484 2203 1660 2239 principalem
1671 2208 1698 2231 et
1709 2210 1784 2231 sunt-

997 2249 1071 2269 utam
1095 2245 1122 2268 et
1144 2240 1278 2268 totalitate
1299 2247 1348 2267 sua
1369 2246 1418 2274 per
1444 2246 1474 2266 se
1490 2239 1588 2266 fretam
1609 2247 1670 2266 cum
1691 2240 1783 2267 carnis

1000 2277 1173 2310 adjunclione
1182 2275 1239 2310 jam
1253 2275 1367 2310 cogites,
1384 2274 1497 2309 perinde
1510 2280 1562 2302 est.
1579 2274 1697 2301 Persona
1710 2275 1781 2302 enim

999 2309 1052 2340 non
1077 2311 1150 2338 aliud
1164 2315 1215 2343 est,
1229 2309 1308 2345 quam
1325 2316 1420 2338 natura
1438 2314 1466 2336 ut
1485 2311 1665 2345 principatum
1683 2309 1725 2337 sui
1743 2314 1783 2337 te-

999 2355 1078 2378 nens,
1094 2351 1123 2373 ut
1135 2354 1182 2381 per
1200 2354 1229 2373 se
1243 2346 1408 2378 consistens,
1425 2345 1662 2381 utdaugideulibtls
1684 2345 1781 2381 eliad-

999 2379 1155 2410 ditameutis
1170 2381 1297 2409 omnibus
1308 2381 1447 2408 substaus.
1455 2379 1486 2407 ll.
1503 2379 1604 2407 Natura
1621 2379 1698 2407 Verbi
1712 2380 1781 2408 dici-

999 2422 1053 2450 tur,
1069 2425 1103 2445 ne
1126 2417 1160 2445 ad
1184 2422 1266 2443 totam
1290 2415 1452 2442 Trinitatem
1470 2422 1595 2450 spectare
1609 2416 1783 2443 extstituetur

999 2454 1091 2480 carnis
1112 2452 1273 2486 assumptio.
1289 2451 1342 2488 rlll.
1358 2451 1502 2478 lncarnata
1523 2451 1636 2484 dicitur,
1649 2459 1702 2488 quo
1718 2459 1782 2479 caro

998 2489 1171 2523 designatur,
1186 2489 1234 2515 sed
1252 2487 1381 2522 oblique;
1395 2492 1423 2513 et
1438 2493 1466 2513 ut
1482 2494 1534 2514 non
1559 2495 1607 2521 per
1622 2497 1661 2520 se,
1678 2487 1727 2514 tice
1738 2490 1780 2518 sui

999 2522 1093 2557 causa,
1110 2531 1160 2550 ttec
1175 2523 1216 2550 sui
1236 2522 1323 2558 juris:
1346 2523 1414 2549 adeo
1436 2528 1463 2549 ut
1485 2523 1582 2550 unitati
1601 2524 1781 2559 bypostaseos

998 2559 1170 2586 vindicanda;
1185 2558 1419 2586 accommodatius
1433 2559 1468 2584 sit
1485 2566 1549 2590 uici,
1560 2558 1686 2585 naturam
1702 2559 1780 2586 Verbi

999 2595 1182 2626 incantatam,
1190 2601 1270 2628 quant
1280 2593 1491 2621 naturaml'erhi
1502 2599 1658 2622 etcaruem.
1669 2593 1714 2621 IV.
1723 2594 1780 2626 Una

998 2630 1100 2657 dicitur
1113 2628 1197 2657 Verbi
1213 2634 1325 2662 natura,
1345 2637 1407 2656 nam
1429 2630 1519 2656 unitas
1536 2631 1607 2656 sicut
1619 2635 1647 2657 et
1660 2630 1780 2661 totalitas

998 2673 1082 2699 penes
1097 2670 1223 2692 naturam
1238 2665 1458 2700 principaliotcm
1474 2670 1515 2691 εει
1529 2665 1711 2700 attendeuda.
1721 2664 1779 2693 Uua

997 2706 1040 2728 est
1052 2701 1124 2728 enim
1134 2699 1249 2735 persona
1265 2700 1400 2733 Christus,
1413 2702 1478 2734 quia
1488 2705 1615 2731 unusest
1628 2700 1677 2726 Dei
1692 2699 1779 2729 Filius

997 2737 1182 2771 sempiternus
1200 2742 1228 2762 et
1245 2736 1488 2770 iucorrupttbtltter
1508 2736 1599 2768 idem;
1617 2735 1694 2770 prius
1718 2737 1779 2765 sine

998 2779 1100 2805 carne,
1115 2779 1187 2798 nunc
1203 2778 1264 2798 cum
1289 2779 1389 2803 carne,
1412 2778 1520 2805 semper
1538 2771 1628 2802 idem,
1653 2778 1780 2805 unusque

997 2814 1105 2842 semper
1118 2807 1206 2838 Idem;
1231 2814 1281 2834 nec
1298 2806 1387 2833 minus
1404 2811 1490 2833 totum
1511 2806 1588 2840 prius
1605 2807 1665 2834 sine
1679 2815 1778 2839 carne,

997 2850 1048 2869 nec
1057 2841 1145 2877 magis
1153 2847 1239 2869 totum
1249 2850 1282 2870 cu
1288 2850 1312 2868 ιιι
1324 2849 1407 2869 carne
1415 2845 1525 2874 μαριυς
1532 2842 1591 2869 sine
1600 2842 1778 2873 incremento,

998 2884 1048 2904 nec
1064 2880 1151 2912 major
1180 2877 1267 2912 factus
1282 2885 1372 2904 carnis
1396 2878 1565 2903 accessione.
1594 2877 1690 2906 Unitas
1713 2886 1778 2912 ergo

998 2911 1119 2947 pct'soua:
1133 2917 1187 2939 tota
1203 2921 1218 2938 a
1235 2911 1312 2940 Verbi
1327 2916 1421 2938 natura
1436 2913 1581 2946 repetenda
1593 2917 1681 2941 est....

1037 2958 1046 2974 ι
1056 2947 1123 2977 [huc
1137 2949 1212 2977 litcm
1227 2953 1374 2983 putct‘eua.
1388 2948 1434 2982 qui
1449 2955 1476 2975 tn
1490 2950 1674 2983 propositione
1686 2948 1779 2987 Cyrill’
