1918 3087
171 139 237 167 1071

170 203 222 246 alia
240 203 463 246 lquaiii‘humana‘
476 203 600 246 operatio
618 206 713 246 potest
722 203 885 246 excogitari,
899 212 959 246 qiize
974 217 995 246 Α

171 238 209 265 ita
223 239 261 265 sit
277 238 357 265 Verbi
373 237 501 274 propria;
521 244 550 265 iit
565 237 626 265 non?
637 239 681 274 sit
694 237 782 274 Patris
796 244 824 265 et
839 239 957 273 Spiritus

169 274 269 305 sani-ti,
284 274 316 301 ad
330 281 391 301 eum
408 275 516 301 modum
532 281 586 308 quo
601 278 642 301 est
664 273 760 305 Verbi;
782 275 853 301 sicut
865 280 893 302 et
906 276 956 303 hu-

170 309 287 345 manitas
299 314 436 345 assumpta
454 311 489 337 ita
503 315 544 336 est
555 308 635 335 Vcrbi
644 309 805 345 peculiaris,
820 314 848 336 ut
860 311 956 338 eadem

170 345 228 377 ipso
251 344 312 378 jure
336 343 399 372 nec'
411 345 500 372 Patris
515 345 560 376 sit,
578 351 627 371 nec
641 343 759 378 Spiritus
773 345 869 373 sancti.
889 346 956 379 Quia

167 380 242 407 enim
259 380 333 408 solus
348 389 378 408 se
392 381 467 408 carni
483 379 617 414 implicuit
633 379 748 406 Verbum
764 380 845 413 Deus,
861 381 957 408 huma-

168 415 282 442 nitatem
298 423 345 443 sua
363 416 497 450 personali
522 415 614 442 divina
637 415 804 450 proprietate
818 416 958 450 complen-

168 449 215 483 do,
230 449 391 483 deﬁniendo,
407 450 594 482 terminando;
613 450 639 477 in
653 450 712 484 ejus
725 451 806 478 etiam
822 449 957 485 uniusjiis

168 487 320 518 personale,
338 492 366 513 et
391 486 528 519 proprium
547 493 658 512 censum
684 486 778 513 eadem
801 486 957 516 humanitas

168 522 285 555 ascripta
302 526 354 550 est.
374 522 412 548 Ex
434 529 489 556 quo
516 521 541 548 id
566 521 648 548 etiam
673 520 799 552 ellicitur,
815 526 844 548 ut
866 523 957 550 omnis

167 557 291 589 operatio
305 557 494 588 humanitatis.
511 556 591 583 veluti
605 556 738 590 peculium
750 557 787 584 sit
800 556 880 584 Verbi
893 565 955 592 pro-

167 592 267 624 priiiin,
284 597 412 626 tauquam
427 600 458 619 ex
474 592 583 627 proprio
606 592 666 627 ejus
690 599 757 626 agro
779 600 956 621 succrescens

166 626 260 659 arbor,
276 627 318 654 vel
345 629 370 655 in
396 629 508 662 propria
533 626 632 655 arbore
656 627 762 655 fructus
785 633 892 655 enatus.
910 629 957 656 Est

165 667 255 689 autem
271 667 401 696 prieterea
418 663 497 690 Verbi
519 662 644 696 operatio
667 662 770 693 divina,
795 668 824 689 iit
848 670 954 695 creare,

166 704 342 731 conservare,
358 706 453 733 regere
467 699 609 729 mundum,
628 698 759 733 miracula
782 703 903 731 patrare,
923 706 956 726 ac

166 739 198 768 fa
219 735 326 767 operari
352 732 534 768 quiscunque.
560 740 622 767 quae
644 732 715 760 Deus
737 738 876 768 operatur,
893 742 955 761 cuni

166 766 248 804 Patre
262 773 287 795 et
304 766 406 803 Spiritu
428 766 524 796 sancto
538 766 596 795 sine
611 768 694 795 dubio
708 766 869 797 communis.
886 769 955 804 Ergo

165 802 264 838 duplex
283 802 440 832 esiCbrisii
454 804 590 839 Operatio.

203 839 327 874 Agnitani
343 840 376 866 ab
387 844 499 867 auctore
513 838 764 873 Areopagiticorum
778 838 953 867 eﬂicientiam

166 881 241 901 mere
265 875 386 902 divinam
410 876 510 902 l'atetur
538 874 701 908 Leqnienus,
720 882 801 909 quam
828 874 954 903 Christus

166 917 335 937 communem
364 917 425 937 cum
450 910 531 938 Patre
552 915 580 937 et
598 909 702 944 Spiritu
727 914 824 937 sancto
846 909 953 938 habeat.

165 945 297 976 Alteram,
311 945 349 972 ait
361 945 416 977 ille.
431 946 466 973 ab
477 946 572 973 eodem
587 949 700 972 auctore
712 945 852 979 distingui,
865 950 892 972 et
907 954 955 980 ap-

166 981 260 1014 pellari
276 981 541 1021 humano-divinam.
557 988 618 1021 qua;
631 988 681 1007 nec
693 980 768 1007 Patri
782 988 831 1021 nec
842 980 953 1021 Spiritui

164 1020 261 1042 sancto
284 1017 438 1043 communis
462 1021 504 1042 est
519 1024 526 1042 :
540 1015 614 1050 quod
636 1020 780 1050 repugnat,
797 1015 895 1050 inquit.
913 1017 955 1043 iii-

165 1051 285 1078 violabili
310 1052 442 1079 doctrinae
468 1051 616 1083 Ecclesiae,
646 1058 707 1085 quae
735 1050 818 1078 tradit
841 1056 954 1078 externa

164 1086 269 1121 quaevis
284 1086 396 1114 Deitatis
413 1094 494 1121 opera
518 1086 628 1119 (omnia
645 1091 735 1113 autem
751 1093 834 1121 opera
861 1092 953 1113 nostra

164 1125 192 1148 et
208 1121 264 1156 ipse
276 1126 406 1156 operatur
423 1122 505 1156 Deus)
520 1122 608 1148 tribus
623 1121 747 1156 personis
760 1121 872 1154 perinde
879 1130 955 1149 com-

163 1157 256 1192 munia
282 1163 352 1183 esse.
368 1156 464 1191 Magna
481 1157 547 1184 latet
562 1157 754 1192 aeqiiivocatio,
770 1157 796 1183 in
812 1165 892 1192 quain
910 1158 936 1184 in

164 1191 266 1219 cidisse
279 1192 386 1219 videtur
408 1193 450 1219 vir
472 1193 657 1219 doctissimus.
681 1191 886 1224 Animadverte,
906 1193 954 1219 liii-

164 1233 261 1253 manas
274 1227 449 1261 operationes
462 1227 565 1254 Christi
580 1227 633 1254 hoc
648 1226 709 1254 loco
723 1227 757 1254 ab
776 1227 821 1254 illo
842 1233 954 1255 auctore

163 1262 292 1296 appellari
306 1262 559 1294 humano-divinas,
576 1262 670 1289 eodem
694 1261 772 1296 plane
794 1269 874 1289 sensu
900 1270 954 1297 quo

161 1296 228 1324 alibi
252 1298 360 1324 vocavit
383 1305 431 1325 eas
454 1297 612 1329 Deiviriles;
635 1302 731 1331 utpote
750 1304 810 1331 quae
824 1305 839 1324 a
856 1296 953 1325 natura

163 1332 294 1365 humana,
303 1333 376 1360 velut
388 1333 521 1368 principio
535 1332 640 1360 lorinali
654 1333 817 1366 procedunt,
827 1338 854 1360 et
864 1340 879 1359 a
891 1340 954 1367 per-

162 1375 230 1395 sona
245 1368 337 1395 divina
361 1372 491 1402 tauquam
515 1368 657 1403 supposito
676 1372 787 1403 agente;
802 1373 866 1395 sunt
881 1369 954 1396 enim

162 1403 296 1434 actiones.
305 1401 501 1437 passionesque
514 1401 725 1438 suppositarum.
736 1401 853 1430 Rursum
868 1404 954 1430 anim-

162 1439 369 1471 advertendum,
385 1439 410 1465 in
436 1439 512 1466 hisce
533 1438 771 1466 humano-divinis
785 1439 954 1473 operationi-

162 1474 213 1501 bus
227 1474 366 1508 quidpiam
380 1481 452 1506 esse,
465 1473 537 1508 quod
550 1473 730 1501 sanctissimae
741 1473 868 1501 Trinitati
881 1482 954 1502 com-

162 1517 243 1536 mune
269 1513 322 1541 est,
349 1516 446 1543 nempe
473 1509 645 1536 ellicientiain
675 1508 759 1542 illam,
779 1515 832 1543 qna
855 1509 955 1537 dicitur

162 1544 233 1572 Deus
248 1544 340 1571 omnia
359 1552 442 1578 opera
459 1549 552 1572 nostra
569 1544 692 1579 operari;
716 1545 763 1572 sed
777 1545 860 1571 etiam
873 1545 953 1579 quid-

779 141 810 170 Β.
828 142 907 170 Ρ.”Β.
923 142 957 170 Μ.
973 142 1018 170 DE
1039 141 1162 171 RUBEIS

1744 144 1757 170 1
1764 143 1827 170 072

1011 205 1083 238 quod
1099 204 1170 231 Deus
1187 202 1303 230 Verbum
1326 203 1353 230 in
1377 203 1548 231 humanitate
1561 209 1713 239 assumpta
1725 211 1824 237 pecu.

1010 239 1069 280 _liari
1090 241 1151 272 jure
1164 240 1318 280 exercebat
1332 239 1462 280 quidquid
1477 240 1511 266 ad
1528 239 1666 280 humanas
1684 239 1822 280 pertine-

1008 275 1055 302 bat
1067 275 1255 309 operatioues;
1268 275 1378 309 ipseque
1390 274 1530 302 dicebatur
1544 274 1713 309 intelligere,
1722 274 1818 305 velle.

1007 311 1121 342 esurire,
1136 310 1227 343 edere,
1245 310 1331 342 sitir‘e,
1343 310 1436 337 bibere
1449 318 1480 337 ac
1496 310 1569 344 pati;
1598 318 1654 338 non
1668 310 1740 337 item
1756 309 1818 336 Pa-

1009 350 1061 377 ter,
1076 353 1128 372 non
1141 343 1258 379 Spiritus
1271 350 1392 373 sanctus.
1408 344 1461 372 Sed
1475 343 1541 373 istas
1557 345 1696 373 humanas
1708 350 1816 372 tamen

1007 380 1179 414 operationes
1192 388 1234 416 iac
1256 381 1445 416 perpessiones
1461 385 1549 416 rvocat
1565 381 1680 416 insuper
1702 387 1818 408 auctor

1009 415 1267 448 liiiiiiano-divinas;
1285 424 1346 443 cum
1363 423 1416 442 non
1429 415 1501 443 solus
1516 415 1610 449 homo,
1626 415 1675 444 sed
1692 416 1817 444 Deuset

1007 451 1088 479 homo
1102 456 1175 478 esset
1188 451 1245 484 ille,
1263 452 1308 486 qui
1325 455 1429 485 ageret,
1444 451 1489 485 qui
1505 456 1655 486 pateretur.

1043 486 1119 519 Quod
1134 491 1253 514 attamen
1272 488 1299 514 in
1316 487 1416 514 eisdem
1431 487 1636 520 operationibus
1652 494 1817 515 commune

1007 521 1187 549 sanctissimae
1202 521 1329 550 Trinitati
1350 522 1404 548 dici
1429 526 1548 556 poterat,
1569 523 1661 549 statim
1685 527 1815 549 enarrat

1007 556 1133 584 laudatus
1154 562 1251 584 auctor
1267 567 1273 585 :
1288 557 1348 584 Nisi
1363 557 1432 591 quis,
1455 556 1590 590 inquiens,
1608 558 1680 585 dicat
1701 565 1815 584 secun-

1006 593 1070 619 dum
1080 591 1293 627 benignissimum
1301 593 1476 624 voluntatem;
1489 599 1521 620 ac
1533 593 1642 625 insuper
1652 594 1812 620 secundum

1007 635 1108 654 onmem
1131 627 1203 654 illaut
1226 628 1381 655 eminentem
1406 634 1483 662 atque
1505 627 1662 662 ine/labilem
1677 628 1812 655 diuinam

1006 663 1195 698 operatiunmi,
1211 671 1301 697 quam,
1314 663 1385 697 apud
1401 671 1448 690 nos
1464 663 1589 698 assistens
1603 663 1625 690 is
1635 663 1682 698 qui
1697 663 1812 698 insinu—

1006 697 1095 726 labilis
1111 704 1180 730 erat,
1195 699 1322 731 exercuit,
1339 699 1367 725 in
1384 702 1513 732 quantum
1535 697 1605 725 Deus
1626 697 1651 726 et
1667 697 1718 725 Dei
1739 697 1811 726 Ver—

1006 731 1085 768 bum,-
1112 740 1172 767 quae
1197 734 1281 760 verba
1304 731 1489 767 praetermittit
1513 733 1676 768 Lequienus.
1704 733 1810 761 Primo

1007 767 1098 802 itaque
1113 768 1283 796 sanctissima
1300 768 1431 800 Trinitas,
1449 767 1566 795 consilio
1580 774 1609 796 et
1625 769 1810 803 beneplacito

1006 809 1065 839 suo,
1094 804 1164 830 sicut
1187 804 1366 839 humanitatis
1389 803 1603 839 assiiniptionem
1623 804 1807 839 approbavit,

1006 838 1043 864 ita
1056 843 1084 865 et
1096 844 1209 866 caeteras
1221 846 1317 867 omnes
1329 838 1408 866 Verbi
1424 838 1507 866 divini
1519 838 1694 873 operation’es
1709 840 1738 866 in
1754 839 1809 866 bii-

1007 874 1136 901 manitate
1151 879 1301 906 assumpta.
1318 874 1421 902 Deinde
1436 874 1589 901 communis
1603 875 1691 902 eidem
1707 873 1808 901 Triui-

1005 908 1053 935 tati
1067 914 1126 936 erat
1139 908 1281 937 cﬂicientia
1297 909 1341 937 illa
1356 910 1478 937 eminens
1493 913 1521 936 et
1536 908 1679 937 ineﬂ'abilis
1693 909 1806 943 divina,

1005 951 1058 978 qua
1083 949 1111 972 et
1135 944 1252 972 Verbum
1275 950 1304 972 ut
1326 945 1478 972 subsistens
1495 945 1521 971 in
1537 950 1634 972 natura
1653 945 1761 975 divina.
1775 951 1806 972 et

1007 978 1087 1015 Pater
1097 984 1125 1006 et
1140 980 1261 1014 Spiritus
1275 986 1386 1007 sanctus
1397 980 1571 1015 operationes
1584 987 1682 1009 omnes
1699 980 1806 1007 huma-

1005 1022 1060 1050 nas
1072 1014 1174 1042 Christi
1186 1015 1266 1042 simul
1281 1014 1478 1050 operabaiitur.

1041 1049 1107 1077 Tam
1131 1052 1276 1086 perspicue
1300 1049 1377 1085 vero,
1403 1056 1455 1078 tam
1481 1050 1591 1086 egregie
1615 1058 1676 1078 cuin
1700 1055 1804 1079 auctor

1004 1084 1255 1120 Areopagiticoruin
1270 1086 1303 1114 de
1317 1084 1644 1114 huiuano-ilivinis’Verbi
1657 1086 1801 1114 lncaruati

1005 1121 1211 1156 operationibus
1225 1127 1252 1149 et
1268 1121 1441 1156 passionibus
1458 1125 1532 1156 agat,
1542 1121 1640 1148 mirum
1657 1128 1736 1154 sane,
1761 1122 1803 1149 si—

1005 1155 1090 1182 lentio
1109 1155 1273 1191 praeteriisse
1294 1156 1463 1191 Lequienuin
1478 1155 1676 1191 ’perpessiones
1692 1156 1801 1185 Christi

1004 1198 1110 1224 omnes,
1127 1199 1214 1227 neque
1231 1192 1353 1220 animum
1376 1193 1410 1219 ad
1435 1191 1461 1219 id
1486 1191 1662 1226 applicuisse.
1677 1192 1752 1225 quod
1768 1201 1801 1220 ea

1004 1233 1065 1260 quae
1080 1226 1197 1262 Verbum
1212 1227 1259 1256 Dei
1273 1235 1384 1262 passum
1400 1233 1452 1260 est,
1467 1234 1517 1255 nec
1530 1226 1612 1262 Pater
1629 1227 1688 1255 sine
1701 1227 1799 1262 dubio,

1005 1268 1056 1288 nec
1071 1261 1200 1298 Spiritus
1225 1261 1336 1291 sanctus
1355 1263 1476 1298 perpessi
1492 1263 1569 1298 sunt!
1583 1261 1682 1289 Mirum
1698 1263 1797 1294 etiam.

1005 1297 1132 1337 praedicta
1147 1297 1238 1337 omnia
1261 1298 1466 1337 quibus_Pater
1489 1303 1517 1325 et
1542 1297 1660 1337 Spiritus
1682 1303 1801 1327 sanctus

1003 1333 1079 1368 juxta
1095 1334 1260 1361 sententiam
1275 1333 1397 1361 auctoris
1414 1340 1469 1361 non
1483 1333 1733 1365 commnnicarunt,
1750 1341 1798 1368 pe-

1005 1367 1100 1404 culiari
1113 1368 1217 1396 srilicel
1227 1376 1260 1396 eo
1272 1369 1333 1404 jure
1344 1376 1398 1403 quo
1408 1368 1505 1396 eadem
1521 1369 1547 1396 in
1560 1375 1644 1395 carne
1656 1367 1797 1404 assumpta

1004 1402 1057 1429 sibi
1075 1403 1228 1431 vindicabat
1238 1402 1368 1435 Verbum,
1381 1404 1415 1431 ad
1427 1411 1509 1430 unam
1526 1403 1662 1438 redegisse
1677 1403 1797 1438 Lequie-

1005 1444 1069 1474 num
1084 1439 1245 1474 efﬁcientiam
1261 1439 1346 1470 illam.
1367 1447 1420 1474 qua
1435 1439 1532 1466 eximia
1551 1446 1630 1474 opera
1648 1446 1695 1465 seu
1713 1439 1796 1466 mira-

1005 1473 1064 1508 cula
1078 1473 1173 1501 edebat
1184 1475 1324 1506 Christus;
1340 1473 1402 1502 cuin
1424 1475 1528 1508 absque
1551 1473 1605 1500 ulla
1630 1473 1746 1508 ambage
1761 1475 1796 1502 de

1006 1507 1040 1535 iis
1053 1514 1203 1543 pertractat
1215 1511 1344 1538 amnibus
1364 1516 1470 1542 auctor,
1483 1507 1543 1544 quae
1556 1509 1637 1544 egerit
1653 1508 1794 1542 Christus,

1005 1549 1029 1570 et
1044 1552 1180 1579 perpessus
1194 1545 1247 1572 sit!
1265 1546 1334 1578 Quid
1350 1550 1392 1572 est
1404 1553 1478 1576 vero,
1499 1546 1570 1580 quod
1584 1545 1612 1572 in
1627 1544 1729 1571 eisdem
1745 1546 1794 1572 iiii-

161 1580 233 1616 piain
251 1579 357 1616 admitti
372 1574 508 1616 oportere,
521 1574 596 1614 quod
607 1574 772 1616 esset-Verbi
786 1574 953 1616 rdivini'pro-
967 1574 989 1605 α
1007 1574 1153 1616 rabilibus,
1170 1589 1230 1614 qua:
1243 1574 1369 1608 Cliristus
1393 1574 1529 1616 pairabal,
1555 1587 1608 1616 non
1632 1580 1795 1616 discreverit

161 1615 261 1647 prium,
277 1614 355 1648 cujus
380 1615 486 1642 ratione
507 1616 648 1642 dicebatur
670 1615 715 1642 ille
738 1614 764 1642 in
785 1614 953 1642 humanitate

161 1654 299 1684 assumpta
324 1650 486 1685 intelligere,
506 1650 586 1683 velle,
611 1651 727 1683 esurire,
749 1651 837 1683 sitire,
859 1652 952 1682 edere,

161 1685 272 1721 bibere,
281 1686 353 1718 pati;
367 1693 420 1712 non
438 1686 502 1713 item
519 1686 611 1718 Pater,
626 1693 679 1713 non
695 1686 815 1721 Spiritus
830 1691 953 1713 sanctus.

163 1720 303 1757 [llaectrita
319 1725 361 1748 est
377 1721 447 1756 apud
463 1722 603 1757 theologos
618 1720 751 1748 doctrina.
766 1721 888 1756 Sylviuni
905 1729 954 1747 au-

160 1755 221 1783 dire
233 1755 312 1783 liceat
327 1763 357 1783 iii
373 1763 412 1790 p.,
427 1761 525 1790 quasi.
543 1755 587 1789 1'9,
608 1762 662 1783 art.
678 1757 690 1783 l
709 1764 716 1782 :
731 1765 741 1782 ι
755 1755 875 1784 Aidices
894 1757 954 1790 tsic

160 1791 284 1825 opponit)
302 1799 309 1818 :
325 1792 456 1819 Actiones
478 1793 510 1818 ad
538 1798 615 1819 extra
637 1796 703 1819 sunt
726 1799 887 1819 communes
903 1793 952 1820 toti

188 1826 309 1862 rinitati;
334 1827 402 1854 tales
424 1832 516 1854 autem
537 1832 615 1854 erant
640 1828 766 1854 humanae
780 1828 953 1862 operationes

160 1860 285 1898 Christi:
300 1869 376 1898 ergo,
399 1867 453 1889 etc.
477 1862 556 1898 llesp.
577 1862 643 1897 Neg.
663 1860 806 1896 consean
823 1863 951 1897 quoniam

160 1896 288 1933 humanae
303 1896 405 1933 Christi
424 1896 597 1932 operationes
609 1896 689 1925 erant
703 1898 813 1933 quidem
827 1896 952 1925 commu-

159 1939 211 1959 nes
237 1931 622 1968 totiw'l‘rinitati,inquantum
648 1940 680 1960 ex
704 1931 748 1966 ea,
764 1933 846 1961 veluti
868 1940 951 1961 causa

159 1967 350 2004 principaliter
360 1968 492 1995 elﬁciente
501 1967 700 2003 procedebant;
714 1968 845 2004 peculiari
859 1972 950 1997 tamen

160 2002 252 2038 aliqua
272 2004 377 2031 ratione
396 2002 580 2038 procedebant
593 2011 608 2030 a
623 2002 744 2039 Christo,
757 2003 838 2039 681
851 2010 953 2039 secun-

159 2037 224 2066 duiii
239 2046 321 2073 quam
345 2037 404 2066 non,
415 2040 599 2073 procedebant
615 2048 630 2066 a
643 2038 735 2072 Patre,
750 2037 836 2067 neci
848 2037 950 2074 Spiritu

159 2080 267 2102 sancto.
282 2074 349 2107 Quia
374 2074 501 2110 Christus
520 2075 685 2110 operabatur
698 2082 745 2102 eas
760 2082 809 2110 per
823 2080 949 2102 naturain

159 2110 318 2143 humanam,
336 2110 387 2138 sibi
405 2110 470 2144 (non
487 2109 572 2142 Patri,
589 2118 641 2137 non
654 2109 767 2144 Spiritui
782 2110 888 2146 sancto)
901 2111 951 2146 hy-

159 2145 295 2181 postatice
306 2147 410 2172 unitam
421 2154 432 2181 ί
447 2152 480 2172 ac
492 2152 540 2180 per
555 2153 726 2179 consequens
738 2153 856 2181 persona
870 2145 949 2173 Verbi

159 2179 224 2216 (non
240 2179 332 2212 Pater,
348 2188 401 2208 non
417 2179 535 2216 Spiritus
549 2182 673 2215 sanctus)
686 2179 746 2208 erat
761 2188 842 2209 causa
857 2181 951 2215 proxi-

158 2223 203 2257 ma
221 2216 281 2257 illas
294 2216 406 2243 eliciens
422 2224 473 2257 per
488 2222 614 2257 naturam
631 2219 789 2257 humanam,
800 2224 884 2257 quani
896 2222 949 2244 ter-

1005 1614 1050 1641 ille
1065 1615 1138 1655 quod
1151 1617 1199 1643 toti
1214 1616 1340 1655 Trinitati
1354 1614 1509 1648 commune,
1528 1614 1603 1655 quod.
1612 1615 1795 1655 propriuiiret

1005 1650 1144 1710 peculiare
1169 1651 1244 1691 verbi
1266 1656 1339 1682 erat;
1359 1659 1383 1679 ν.
1399 1659 1426 1686 g.
1440 1656 1519 1692 sputo
1539 1650 1605 1690 eieci
1626 1650 1684 1677 nati
1700 1651 1795 1690 oculos

1015 1686 1139 1710 intendo.
1168 1694 1254 1710 VISuIIl
1284 1687 1372 1710 eidem
1399 1691 1517 1710 restituit
1540 1686 1676 1710 Christus.
1701 1685 1794 1710 Linire

1015 1685 1140 1719 iniendo,
1168 1687 1254 1714 visuiu
1284 1687 1372 1714 eidem
1398 1685 1517 1713 restituit
1540 1685 1676 1713 Christus.
1701 1685 1794 1713 Linire

1003 1726 1084 1757 sputo
1099 1721 1205 1754 oculos,
1221 1729 1322 1757 eosque
1341 1727 1451 1756 tangere
1465 1725 1543 1748 erant
1558 1720 1792 1757 actionesﬁhoini-

1004 1756 1058 1787 nis,
1075 1757 1116 1784 vel
1137 1757 1220 1785 etiam
1246 1756 1495 1788 huiiiaiio-uivinaa,
1520 1760 1549 1783 ut
1574 1763 1647 1790 saepe
1671 1756 1792 1789 dictum;

1003 1798 1102 1819 curare
1125 1799 1237 1824 czecuin,
1254 1800 1287 1820 ac
1313 1792 1400 1819 visum
1425 1796 1570 1819 restituere
1593 1795 1654 1818 erat
1669 1793 1794 1825 operatio

1003 1825 1106 1854 divina.
1125 1827 1163 1854 Ita
1188 1827 1260 1856 Deus
1277 1828 1395 1855 Verbum
1410 1827 1436 1854 in
1452 1832 1549 1854 natura
1565 1827 1684 1853 humana
1701 1826 1786 1853 subsi-

1003 1865 1080 1889 stens
1104 1862 1226 1890 delinivit
1248 1864 1355 1895 oculos,
1369 1867 1400 1889 ut
1422 1869 1472 1889 nec
1497 1861 1578 1889 Pater
1599 1868 1649 1888 nec
1670 1861 1792 1896 Spiritus

1002 1903 1115 1925 sanctus
1125 1899 1249 1925 dicantur
1261 1899 1354 1926 oculos
1368 1898 1488 1925 linivisse
1501 1904 1533 1923 ac
1550 1896 1688 1931 tetigisse;
1701 1904 1729 1924 at
1744 1904 1791 1924 cii-

1004 1933 1073 1959 ratio
1099 1934 1164 1960 cteci
1188 1935 1245 1961 nati
1274 1934 1330 1961 Deo
1352 1933 1449 1965 Verbo,
1463 1937 1491 1959 et
1511 1932 1596 1964 Patri,
1624 1935 1652 1958 et
1676 1932 1789 1967 Spiritui

1001 1973 1098 1996 sancto
1115 1976 1193 2003 atquo
1208 1969 1287 1996 modo
1302 1969 1447 2001 convenit;
1465 1967 1520 1995 imo
1532 1973 1560 1994 et
1578 1967 1635 2002 ipse
1648 1968 1790 1995 oculorum

1004 2006 1092 2039 tactus
1107 2002 1252 2038 motusque
1274 2005 1424 2039 impressus
1436 2002 1605 2030 efﬁciebatur
1616 2010 1632 2030 a
1647 2004 1789 2030 sanctissi-

1002 2045 1045 2064 iiia
1058 2037 1248 2072 Triiiitate,’ut
1259 2037 1372 2067 efcctus
1384 2047 1399 2066 a
1417 2046 1499 2067 causa
1513 2045 1649 2072 suprema.
1665 2039 1734 2071 Quid
1747 2042 1788 2065 est

1001 2078 1149 2107 postremo,
1164 2074 1247 2102 verba
1272 2076 1332 2108 illa,
1346 2080 1483 2107 operatum
1510 2080 1668 2107 penumque
1691 2074 1788 2101 eximia

1000 2116 1160 2144 quwcunque
1184 2115 1209 2137 et
1231 2110 1387 2137 excellentia
1405 2109 1633 2136 divino-liuentia:
1645 2108 1788 2143 eﬁcieutue

1000 2151 1089 2182 opera,
1104 2143 1131 2173 iu
1144 2152 1256 2173 Sensum
1270 2145 1515 2182 Moiiophysiticuin
1532 2143 1708 2182 pertrahere;
1722 2153 1754 2171 ac
1765 2146 1787 2171 si

1000 2179 1140 2217 Christus.
1155 2188 1209 2208 non
1239 2182 1319 2208 modo
1345 2178 1399 2217 qua
1425 2181 1506 2217 homo
1532 2178 1786 2217 exslabat,_veruiu

999 2215 1082 2241 etiam
1106 2216 1163 2250 ipsa
1187 2216 1290 2244 deitate
1304 2214 1366 2243 cuni
1381 2216 1548 2244 humanitate
1562 2214 1714 2247 compesita
1727 2222 1787 2249 pro-

159 2252 298 2288 minabat;
314 2257 400 2288 ratque
421 2251 458 2279 ita
480 2252 611 2288 dicebant
632 2252 811 2280 intrinsecuni
824 2251 947 2288 ordinem
964 2253 988 2283 ι)
1001 2256 1061 2288 pler
1072 2258 1134 2288 *ποθ
1156 2252 1310 2279 subliiuiori
1329 2252 1446 2288 quadam
1462 2253 1656 2288 raboneesset
1670 2252 1787 2284 passus!

159 2287 193 2313 ad
207 2287 417 2323 humanitatem,
436 2291 465 2314 ut
477 2288 511 2314 ad
525 2287 689 2322 principium
702 2294 757 2322 quo
772 2287 882 2323 (agitur)
897 2295 902 2312 :
918 2293 947 2315 et

159 2322 194 2348 ad
207 2320 326 2349 Verbum
351 2322 512 2350 humanitati
525 2320 722 2358 ‘couju‘nctuin',
735 2320 820 2352 ut'ail
844 2320 947 2357 princi-

159 2358 234 2392 pium
251 2357 322 2392 quod
337 2357 427 2393 (agit).
442 2366 452 2383 ι

181 2392 224 2420 -ΙιΙ
238 2400 321 2419 unum
337 2395 415 2420 uocet
437 2398 534 2421 auctor
548 2392 810 2428 Areopagiticorum.
824 2394 869 2421 Ait
881 2394 946 2423 ille:

158 2427 246 2465 Pori-3
258 2437 274 2465 (ι
283 2428 469 2465 benignissima
484 2436 546 2462 erga
557 2436 604 2454 nos
617 2427 754 2463 (uicimus
770 2430 859 2456 divina
872 2434 949 2465 (qua:

160 2464 209 2490 toti
222 2463 349 2500 Trinitati
363 2464 542 2500 sanctissume
555 2467 706 2491 communis
720 2466 773 2500 est)
783 2463 947 2492 secernitur:

157 2501 228 2534 quod
245 2499 299 2534 ipse
314 2498 384 2525 Deus
404 2498 526 2530 Verbum,
548 2500 594 2533 qui
614 2507 696 2533 supra
718 2498 892 2528 substantiam
910 2507 947 2528 est

159 2541 233 2569 (non
249 2534 340 2566 Pater,
357 2541 410 2561 non
426 2534 544 2568 Spiritus
561 2537 694 2570 sanctus)
714 2536 827 2570 integre,
838 2541 862 2563 et
877 2544 946 2568 uere,

155 2572 238 2606 juxta
253 2578 284 2597 ac
298 2578 357 2602 nos,
370 2574 495 2606 atque,”
506 2569 579 2606 nobis
594 2569 788 2599 substantiam}
801 2572 893 2606 fuerit.
904 2574 946 2600 An

159 2603 205 2641 qui
221 2606 408 2637 contenderet,
421 2612 435 2631 a
449 2605 502 2631 Deo
513 2603 601 2631 Verbo
615 2611 782 2640 assumptum
797 2603 880 2634 fuisse
895 2608 945 2634 liii-

159 2640 330 2673 iiianitatem,
347 2640 496 2668 mutilatam
511 2641 600 2666 anima
608 2641 650 2667 vel
659 2646 759 2674 mente,
767 2643 885 2676 propriis
904 2642 946 2669 fa-

158 2678 306 2705 cultatibus
319 2680 346 2703 et
356 2676 560 2711 operationibus
570 2676 722 2710 spoliatam,
734 2678 771 2704 ita
779 2678 944 2712 loqueretur,

159 2718 189 2739 ut
201 2720 234 2740 ex
250 2713 328 2739 nobis
343 2712 538 2748 humanitatem
551 2714 731 2746 assumpserit
745 2713 850 2748 integre
860 2719 887 2741 et
900 2721 947 2741 ve-

159 2756 200 2779 re,
215 2755 248 2775 ac
264 2748 345 2775 homo
359 2747 448 2775 lactus
463 2751 535 2774 esset
553 2748 630 2780 juxta
648 2756 680 2774 ac
698 2748 767 2775 nos?
781 2747 850 2776 Hinc
863 2750 945 2776 etiam

159 2785 246 2811 oritur
268 2785 339 2818 quod
363 2785 420 2818 ipse
440 2783 511 2810 Deus
541 2782 656 2810 Verbum
676 2784 757 2818 egerit
771 2788 796 2811 et
808 2792 946 2819 perpessus

160 2820 204 2851 sit,
221 2827 279 2853 qua:
292 2819 520 2846 humano-divina:
533 2820 693 2853 operationis
712 2820 794 2853 ipsius
812 2821 945 2854 praecipua

159 2855 426 2891 suntretsi’ngularia,
439 2855 504 2888 quin
519 2863 546 2881 in
566 2854 607 2881 his
624 2863 758 2882 commune
777 2856 877 2891 aliquid
898 2856 945 2882 lia-

159 2890 242 2917 bum't
257 2888 339 2918 Pater
369 2895 391 2918 et
406 2891 521 2924 Spiritus
537 2896 644 2919 sanctus
656 2898 665 2918 :
679 2896 788 2926 propter
801 2888 833 2920 ea
848 2899 944 2926 nempe

1000 2283 1115 2313 Pervius
1128 2292 1156 2314 et
1170 2288 1265 2322 planus
1275 2283 1373 2315 sensiis
1385 2285 1592 2322 catholigusbis
1605 2283 1719 2312 elici-tur
1730 2293 1787 2313 ver-

999 2322 1059 2353 bis;
1072 2319 1224 2350 sublimiori
1236 2324 1351 2357 quadam
1365 2322 1470 2349 ratione
1483 2319 1621 2348 Christum
1633 2326 1784 2357 operatum,

1000 2363 1166 2392 passumque
1186 2356 1250 2385 esse
1269 2358 1369 2385 eximia
1392 2362 1559 2392 quiscunque
1574 2360 1601 2382 et
1614 2356 1785 2390 excellentia,

1001 2399 1061 2426 qua:
1076 2393 1109 2420 ad
1122 2393 1183 2427 ejus
1199 2393 1414 2420 incarnationem
1427 2398 1455 2420 et
1468 2392 1664 2419 incarnationis
1677 2398 1786 2419 tet-ono-

1002 2427 1084 2463 iniam
1111 2429 1298 2463 pertinebant;
1321 2429 1384 2462 quia
1409 2435 1463 2455 non
1485 2428 1566 2454 homo
1586 2427 1672 2459 solus,
1694 2434 1785 2455 verum

1002 2461 1074 2490 Deus
1086 2461 1209 2491 et‘bomo
1224 2469 1284 2491 erat
1300 2461 1355 2496 ille,
1368 2465 1414 2498 qui
1431 2464 1539 2498 agebat,
1553 2463 1599 2497 qui
1619 2463 1784 2497 patiebatur,

1001 2503 1082 2534 prout
1101 2499 1299 2527 incarnationis
1310 2500 1478 2534 dispensatio
1492 2498 1656 2533 postulabat.

1035 2532 1098 2562 Haec
1111 2535 1202 2562 omnia
1214 2536 1272 2570 pari
1286 2532 1391 2562 ratione
1402 2543 1436 2562 ac
1447 2532 1530 2561 sensu
1543 2533 1676 2560 intellexit
1700 2532 1784 2562 Scho-

1001 2568 1109 2603 liastes;
1129 2568 1279 2605 eademque
1293 2570 1471 2606 Eutycbianis
1488 2574 1653 2606 continentis
1667 2571 1782 2598 maxime

999 2607 1125 2638 adversa,
1155 2606 1304 2634 adnotavit.
1323 2605 1433 2634 scholia
1458 2605 1568 2640 prol'ero
1583 2611 1592 2631 :
1609 2612 1619 2629 i
1633 2605 1783 2633 Secenu'tiir

998 2640 1036 2667 uel
1062 2641 1216 2668 distinctum
1241 2647 1290 2669 est.
1316 2641 1396 2675 Nota,
1413 2640 1492 2668 Verbi
1520 2641 1738 2667 liicarnatioiiem
1768 2650 1782 2668 a

997 2681 1090 2704 sancta
1106 2676 1241 2705 'l‘rinitate
1260 2678 1371 2705 omnino
1385 2685 1418 2705 ac
1434 2683 1496 2703 vere
1511 2675 1668 2703 distinctam
1769 2685 1779 2702 ι

997 2713 1084 2740 Item:
1104 2720 1114 2738 ι
1131 2711 1235 2745 Nostri,
1247 2713 1286 2740 vel
1303 2714 1384 2748 juxta
1404 2720 1434 2739 ac
1457 2720 1514 2739 nos.
1532 2710 1589 2738 Hoc
1606 2711 1667 2738 loco
1686 2712 1779 2740 iterum

997 2749 1030 2775 de
1051 2748 1255 2782 dispensatione
1282 2756 1331 2776 seu
1355 2748 1547 2775 Incai'natione
1576 2752 1709 2779 tractans,
1722 2754 1779 2775 eam

996 2784 1046 2812 soli
1063 2783 1118 2811 Deo
1131 2783 1219 2811 Verbo
1233 2786 1369 2816 attribuit,
1385 2785 1445 2811 sine
1457 2783 1510 2810 ulla
1521 2783 1612 2809 Patris
1625 2789 1654 2810 et
1665 2784 1783 2818 Spiritus

995 2820 1082 2847 sancti
1097 2820 1355 2851 communicatione,
1373 2820 1424 2846 nisi
1440 2819 1588 2847 secundum
1604 2820 1781 2847 voluntatem.

995 2855 1063 2882 Nota
1082 2863 1146 2882 vero
1163 2862 1321 2883 accuratam
1336 2855 1548 2890 dispensationis
1569 2857 1782 2883 enarrationem.

995 2892 1129 2925 Quoniam
1145 2892 1218 2919 Deus
1233 2890 1351 2920 Verbum
1372 2892 1637 2927 supersubsturuiata,
1655 2894 1782 2920 sutisian-
