1918 3087
136 171 216 199 1077

611 169 769 198 VINDICIA‘I
786 169 927 197 OPERUM
946 169 1288 199 AllEOPAGlTlCORUM.

1697 174 1766 210 sors

134 238 174 259 nt
192 238 316 260 naturam
336 231 483 258 humanam
501 237 631 265 perneget
646 238 705 257 cum
723 231 930 265 proprietatibus
947 235 968 262 Α
984 236 1128 266 propterea
1141 232 1212 265 (μιοά
1238 232 1327 259 omnis
1344 230 1466 266 operatio
1482 229 1596 264 Christi,
1623 232 1682 260 sive
1706 242 1766 267 qua:

136 272 202 295 sats
217 273 240 294 et
254 267 448 300 operationibus
467 271 645 299 assumptam.

183 301 317 331 Timothei
331 301 417 329 Eluri
430 300 510 327 verba
526 305 689 334 sequuntur,
705 307 765 334 qua:
778 300 894 333 legimus
906 300 932 327 in

138 339 206 370 ejus
219 337 407 364 lucubratione
423 341 517 362 cotttra
529 336 670 370 epistolam
688 335 717 362 S.
736 335 832 363 Leonis
844 335 931 369 Magni

140 374 180 400 ad
199 373 379 399 Flavianum:
398 380 407 396 ι
427 370 489 397 Sola
507 371 637 397 divinitas
649 375 691 397 est
703 370 807 397 Christi
822 375 931 403 natura,

139 409 198 435 etsi
226 409 401 434 iucarnata.)
429 406 544 432 Pravam
573 410 692 432 tuentem
720 413 797 432 suam
823 405 931 440 aperire

140 443 217 478 apud
247 442 414 478 Lequietmtn
439 441 544 476 pergil,
569 441 635 478 dum
664 441 703 478 ait
735 440 930 468 humanitatem

139 477 250 506 Christi
268 477 342 503 onmi
360 477 467 504 actione
483 477 593 510 propria
612 477 747 508 caruisse,
766 483 815 502 nec
830 483 929 511 opera-

141 515 236 541 l'mnes
245 512 312 540 alias
325 512 375 539 nisi
388 512 492 538 divinas
504 518 551 546 per
559 518 618 537 eam
628 515 752 538 exsertas
760 517 821 538 esse
830 518 838 542 ;
848 515 930 545 atque

140 550 215 576 adeo
237 555 298 582 quae
327 547 504 574 lmmanitatis
530 546 703 580 operationes
729 546 928 582 censebantur,

138 581 281 617 passiones
312 582 402 617 potius
422 587 449 609 et
470 589 559 608 meras
582 582 775 617 exsecutiones,
799 581 873 616 πάθη
902 586 929 608 et

139 615 269 655 ῖπράξεις,
281 615 347 655 esse
361 617 564 655 nuneupandas.
581 615 681 655 Cocum
700 615 794 655 Severi
811 615 926 655 Sillillfm

141 651 251 688 pi-ol‘ert
263 653 303 679 vir
321 652 542 688 doctissimusex
560 652 673 688 cpistola
695 653 730 688 ad
745 651 859 688 (Ecutn.
875 651 927 679 Co-

140 686 203 716 init.
218 688 342 722 (Actione
364 688 397 714 10
413 687 508 722 synodi
530 688 623 721 sextus)
635 687 679 713 tibi
699 687 756 713 haec
767 686 903 714 habentur
917 697 924 714 τ

143 734 154 749 ε
174 725 202 751 lo
214 722 334 755 Christo,
349 723 406 750 sive
426 723 516 749 divina
532 727 636 757 ageret,
648 727 712 756 puta
730 722 861 749 miracula
876 729 923 756 pa-

139 759 256 788 trando;
273 759 330 785 sive
349 759 480 789 humana,
496 758 656 791 gradiendo,
681 758 812 784 mutando
834 757 923 784 locttm

138 795 181 827 (id
194 794 264 829 quod
280 799 375 828 suapte
390 798 484 820 natura
501 800 612 829 prorsus
625 793 772 829 humanum
789 792 860 829 est),
872 801 923 829 not-

139 827 211 857 illud
233 829 305 856 illius
320 827 424 856 natura:
439 835 510 858 esse.
522 835 571 854 ttec
586 828 658 854 istud
671 828 765 863 istius;
778 829 825 854 sed
840 827 922 863 685

139 865 225 892 unius
242 869 269 891 et
283 864 403 899 ejusdem
419 863 580 895 divinitatis,
598 870 658 898 qua:
682 862 782 899 divina
803 862 921 899 ratione,

140 897 359 934 tum-prodigia,
378 903 433 925 tuttt
448 898 564 934 humana
590 905 672 932 opera
690 897 831 925 eliieiebat.
849 907 858 923 ι
877 897 923 924 llis

137 933 326 969 paria’sunt,
350 933 490 967 Lequieno
514 933 536 960 si
559 933 707 969 credimus,
732 933 920 967 Areopagitica

138 971 214 996 dicta
226 969 363 997 nonnulla.
373 970 418 996 Ait
429 969 472 994 ille
480 976 540 1003 cap.
550 969 598 995 cit.
608 968 646 994 De
657 968 752 997 diuinis
761 969 921 999 nominibus,

137 1005 154 1040 ᾗ
170 1005 202 1031 l0
219 1014 225 1033 :
245 1004 372 1032 Divinitas
392 1003 456 1030 Filii
476 1003 527 1040 Dei
548 1003 627 1040 (quod
653 1003 770 1040 omnium
796 1010 922 1040 novorum

139 1038 329 1071 novissimum)
351 1041 379 1066 in
400 1038 566 1066 naturalibus
588 1039 685 1065 nostris
710 1038 923 1072 supernaturalis

137 1080 210 1108 erat,
227 1081 249 1102 et
264 1075 290 1101 in
302 1074 520 1102 substantialibus
542 1073 818 1108 supersubstautialis,
833 1075 922 1100 omnia

138 1116 232 1137 nostra
256 1118 288 1137 ex
311 1110 386 1137 nobis
409 1115 433 1136 et
461 1117 541 1143 supra
566 1117 613 1135 nos
635 1108 791 1135 excellenter
812 1109 921 1135 habens.

140 1146 256 1173 Dixerat
270 1145 410 1180 superiore
425 1144 439 1180 §
455 1145 471 1171 6
485 1153 492 1171 :
516 1144 577 1178 Ipse
591 1144 660 1171 Deus
682 1143 804 1180 Verbum,
822 1145 866 1179 qui
878 1151 923 1170 su-

138 1189 190 1215 pra
205 1179 377 1207 substantiam
396 1179 444 1211 est,
465 1181 563 1214 integre
586 1188 617 1205 ac
633 1187 700 1211 vere,
716 1179 797 1213 juxta
809 1188 841 1206 ac
865 1187 922 1212 nos,

139 1221 220 1250 atque
238 1224 269 1242 ea:
286 1215 360 1242 nobis
378 1215 570 1242 substantiatas
585 1219 641 1245 est;
664 1215 727 1249 egit.
743 1220 767 1240 et
783 1222 921 1249 perpessus

137 1257 177 1278 est
190 1259 248 1286 qua:
273 1250 497 1277 humano-(tibiam
513 1250 671 1286 operationis
687 1250 771 1286 ipsius
791 1250 923 1286 pra-cipue

138 1284 201 1312 sunt
214 1292 237 1312 et
251 1286 408 1320 singularia.
423 1286 555 1312 Aitetiatn
567 1285 592 1311 in
606 1285 720 1318 epistola
732 1284 749 1311 4
763 1285 796 1311 ad
811 1284 921 1311 Caium:

139 1322 231 1355 Supra
246 1322 381 1347 hominum
394 1320 571 1355 conditionem
584 1320 663 1354 gessit
676 1327 718 1351 ea,
730 1327 790 1354 qua:
804 1325 864 1346 sunt
878 1321 924 1347 ho-

139 1354 238 1388 minis;
254 1356 324 1391 quoa'
343 1356 460 1382 declarat
480 1360 502 1381 et
521 1354 611 1389 Virgo,
627 1363 686 1389 qua:
702 1363 783 1388 supra
800 1359 923 1382 naturam

138 1392 229 1426 parit;
254 1397 277 1417 et
295 1400 362 1425 aqua
385 1391 528 1426 pro/luens.
554 1398 613 1425 qua:
641 1391 734 1425 pedum
760 1394 924 1416 terrenarum

138 1427 297 1461 gravitatem
312 1427 434 1458 sustinet,
453 1434 499 1452 nec
513 1427 593 1456 cedit,
612 1427 657 1452 sed
680 1426 776 1452 virtute
796 1433 924 1458 superna-

138 1462 222 1488 turali
237 1463 295 1488 sine
310 1461 452 1496 (Ii/fusione
466 1461 594 1488 subsistit.
612 1461 656 1488 Ait
669 1461 778 1487 demum
801 1461 899 1486 ibidem
915 1468 921 1486 :

138 1497 269 1523 Caeterum
280 1497 381 1529 divina,
398 1505 449 1523 non
460 1505 511 1531 qua
529 1497 608 1526 Deus,
624 1497 762 1530 patrabal,‘
779 1503 860 1529 neque
873 1496 923 1522 hu-

139 1540 230 1564 mana,
253 1537 382 1566 quatenus
407 1533 484 1558 homo
498 1532 624 1566 gerebat:
640 1532 686 1558 sed
711 1536 841 1564 quatenus
866 1536 923 1557 erat

139 1567 211 1592 Deus
227 1571 251 1593 ct
265 1568 352 1598 homo,
374 1575 466 1593 nouam
489 1566 643 1601 quamdam,
668 1566 802 1592 nobiscum
815 1573 923 1593 conver-

138 1602 233 1633 sando,
248 1602 391 1628 deluit-item
406 1608 583 1634 operationem
598 1601 746 1627 exhibebat.

175 1635 298 1667 Pervios,
312 1636 461 1670 facilesque
478 1636 630 1670 ltujustnodi
645 1635 852 1668 sententiarum,
863 1636 921 1662 cui-

138 1679 192 1706 que
210 1672 316 1703 obvios,
329 1678 505 1705 propriosque
521 1678 616 1698 sensus
626 1671 791 1698 orthodoxos
805 1670 859 1704 jam
873 1679 922 1697 ex-

140 1707 292 1742 posuimus.
315 1707 356 1733 An
379 1707 489 1733 easdem
511 1714 573 1733 eum
588 1706 813 1742 lliouophysitieis
832 1706 923 1733 allatis

141 1741 307 1769 iestimontis
326 1747 501 1776 comparatas
519 1741 735 1775 expendeutibus
751 1741 922 1776 Eutyehinna

139 1778 265 1804 suboleat
281 1778 420 1811 pravitas?
442 1776 647 1808 Animadverte,
663 1777 696 1803 de
713 1776 758 1802 Illo
772 1785 813 1810 agt
831 1776 924 1803 Mono-

140 1811 277 1848 physitico
296 1816 462 1843 continente,
487 1819 552 1848 quo
565 1820 616 1848 una
645 1811 748 1848 diviua_
765 1813 921 1845 ellictentia,

139 1846 200 1882 qua:
214 1848 260 1874 uni
277 1849 406 1874 convenit
419 1854 523 1874 natura:
538 1847 647 1877 divina},
661 1846 880 1874 constituebatur
895 1848 922 1874 in

139 1883 260 1916 Christo,
277 1891 328 1916 qua
346 1883 401 1914 Ille,
418 1890 471 1916 qua
492 1884 562 1909 Deus
582 1888 634 1913 est,
654 1890 703 1916 per
725 1887 850 1908 naturam
870 1883 921 1909 hu-

140 1926 259 1950 manam,
276 1918 356 1944 veluti
372 1926 419 1952 per
434 1921 654 1949 mstruntentum,
674 1923 728 1943 tmn
739 1924 821 1951 opera
837 1918 921 1944 mira-

139 1956 232 1980 culosa
245 1953 421 1988 operabatur,
437 1958 493 1979 tum
518 1960 549 1980 ea
567 1952 700 1980 ellicisbat
721 1953 839 1978 humana
864 1961 923 1980 om-

140 1996 196 2021 nia,
212 1996 274 2023 quae
288 1988 314 2014 iu
331 1989 408 2015 nobis
419 1989 452 2015 ab
467 1989 524 2023 ipsa
537 1989 653 2014 humana
671 1993 779 2020 natura,
793 1993 921 2023 tauquam

140 2033 154 2050 a
171 2025 304 2058 principio
332 2029 445 2050 actuosa
472 2024 579 2051 turmali
609 2023 827 2057 proﬁciscuntur.
845 2023 920 2050 Nihil

140 2059 221 2086 estin
248 2059 448 2092 Areopagiticis
474 2059 568 2091 dictis,
595 2059 667 2093 quud
699 2063 771 2085 ltuttc
796 2065 920 2085 errorem

141 2094 293 2122 adumbret.
310 2094 392 2119 Docet
405 2099 510 2126 auctor,
528 2094 645 2121 Verbum
658 2093 702 2120 Dei
714 2093 740 2119 in
759 2095 861 2121 nostris
873 2102 921 2120 na-

141 2129 269 2155 turalibus
284 2134 310 2155 et
322 2129 541 2156 sabstantialibus
561 2129 710 2163 assumptis
723 2129 862 2163 propriam
880 2137 921 2156 re-

143 2165 255 2191 tinuisse
269 2165 371 2198 absque
385 2165 439 2190 ullo
450 2165 615 2191 detrimento
629 2165 811 2195 divinitatem,
823 2172 920 2198 super-

141 2200 356 2231 naturalitatcm,
372 2200 710 2233 supersubstaulialitatem
724 2208 731 2225 :
756 2199 811 2226 imo
826 2204 853 2226 et
866 2208 921 2226 om-

142 2242 184 2261 nia
212 2240 302 2261 nostra
322 2241 354 2260 ea:
376 2235 449 2262 nobis
476 2241 615 2269 assumpta
634 2234 760 2261 habuisse
775 2242 854 2268 supra
872 2243 918 2262 nos

989 268 1123 294 miracula
1140 270 1276 301 patruhat,
1299 268 1355 294 sive
1379 275 1440 302 qua:
1455 270 1572 293 humana
1588 273 1647 294 erat
1659 269 1692 294 ah
1708 269 1765 302 ipsa

983 303 1137 336 procedens
1163 303 1333 329 humanitate
1359 302 1464 337 integre
1478 306 1505 328 et
1528 309 1593 329 vere
1616 309 1763 337 assumpta,

984 345 1035 364 non
1047 342 1106 364 erat
1117 338 1235 364 humana
1250 337 1347 369 solum,
1362 345 1414 364 non
1427 341 1486 363 erat
1500 337 1591 364 divina
1609 338 1707 369 solum,
1718 340 1766 365 sed

982 377 1041 400 erat
1061 373 1296 404 humano-divina,
1320 372 1469 407 procedens
1491 381 1504 398 a
1522 371 1577 398 Deo
1595 371 1683 399 Verbo
1700 374 1766 400 sul»

982 408 1096 435 sistonte
1121 408 1148 434 in
1174 408 1291 434 humana
1308 406 1416 434 natura.
1435 406 1527 442 Longe
1541 407 1598 433 haec
1616 407 1718 434 absunt
1733 408 1767 434 ab

982 450 1034 469 una
1052 443 1096 469 illa
1119 442 1286 478 Eutyrhiana
1314 443 1415 470 Christi
1431 442 1603 474 operatione,
1625 450 1686 478 qua:
1711 450 1765 469 non

981 482 1040 504 erat
1059 479 1110 504 nisi
1134 477 1224 504 divina
1238 478 1394 510 ellicientia,
1416 483 1473 504 tum
1488 477 1619 504 miracula
1635 477 1766 508 elliriens,

981 518 1037 540 tum
1058 513 1142 540 etiam
1158 513 1285 548 suppletis
1303 514 1435 540 humanas
1449 514 1624 545 operationes
1635 532 1643 544 ,
1669 513 1767 540 huma-

978 549 1066 576 nitate
1078 555 1107 575 se
1127 549 1245 576 habente
1259 548 1346 575 instar
1360 547 1517 582 appendicis
1533 552 1560 573 et
1580 548 1765 575 instrumenti.

982 583 1074 618 Neque
1086 584 1172 611 solum
1200 583 1269 610 Deus
1287 583 1403 611 Verbum
1421 584 1447 610 in
1462 583 1513 610 sibi
1527 583 1652 616 copulata
1669 587 1765 610 natura

981 617 1099 646 humana
1117 620 1154 645 ita
1172 620 1289 652 agebat;
1314 626 1407 645 verum
1423 619 1506 645 etiattt
1533 618 1588 650 puli
1610 617 1764 650 dicebatur,

981 659 1037 681 tum
1058 655 1196 689 passiones
1212 653 1364 681 forinsecus
1377 654 1515 680 immissas
1531 653 1697 687 recipiendo,
1710 659 1765 680 tum

981 688 1063 716 etiam
1085 690 1226 724 passiones
1255 689 1339 724 ipsas,
1367 697 1392 715 v.
1409 697 1434 723 g.
1456 688 1573 719 dolores.
1589 689 1765 722 percipiendo

978 724 1004 751 in
1024 725 1082 759 ipsa
1107 725 1279 752 humanitate
1302 729 1439 758 assumpta
1457 732 1463 749 τ
1483 724 1624 758 supposito
1636 731 1764 759 namque,

976 765 1001 787 et
1012 758 1144 794 personat,
1161 760 1240 787 sicuti
1258 760 1389 791 actiones,
1405 761 1438 785 ita
1454 760 1593 792 paSsiones
1609 758 1764 785 attribuun—

976 793 1029 823 tur.
1042 796 1075 822 At
1090 803 1144 822 non
1157 795 1244 822 solum
1260 794 1383 822 actiones
1399 794 1426 820 itt
1438 794 1549 821 Christo
1566 793 1765 828 Domino,ipsa-.

975 831 1056 857 etiam
1069 831 1209 864 passiones
1218 835 1295 856 erant
1306 829 1547 858 htunano-divinw.
1558 837 1619 855 cum
1634 829 1667 855 ad
1677 829 1764 863 ipsum

976 865 1059 892 Deum
1075 864 1193 893 Verbum
1207 865 1233 891 in
1250 870 1346 892 natura
1365 865 1483 892 humana
1507 864 1661 892 subsistens
1679 865 1765 891 veris-

974 902 1043 928 sime
1060 901 1238 935 pertinerent.

1009 937 1048 962 An
1061 933 1185 963 errorem
1204 935 1384 963 redoleantea
1407 935 1508 962 verba:
1527 933 1614 969 Supra
1626 934 1763 962 hominum

974 972 1150 998 conditionem
1167 972 1246 1005 gessit
1265 979 1308 1002 ea,
1326 979 1385 1005 quae
1401 976 1461 997 sunt
1478 969 1612 997 hominis?
1629 970 1676 997 Vel
1693 970 1763 1003 ipsa,

974 1013 1034 1041 qua:
1044 1005 1226 1041 subjiciuntur
1236 1006 1372 1039 exempla,
1381 1013 1502 1032 errorem
1513 1012 1622 1031 omnem
1631 1005 1764 1041 amoliun-

975 1040 1162 1076 tur.Natnque
1181 1040 1262 1076 Virgo
1278 1045 1331 1072 est,
1348 1048 1409 1075 quae
1429 1043 1510 1074 supra
1529 1045 1653 1066 naturam
1678 1040 1764 1074 parit.

976 1077 1123 1104 Verissima
1143 1077 1261 1103 hominis
1276 1076 1449 1110 estoperatio
1469 1082 1576 1110 parere,
1592 1083 1624 1102 ac
1639 1083 1703 1102 vere
1717 1083 1765 1110 pe-

975 1113 1045 1146 perit
1057 1111 1143 1138 Maria
1154 1111 1251 1146 Virgo;
1265 1112 1311 1138 sed
1323 1112 1454 1145 virginem
1467 1118 1573 1145 parere,
1588 1118 1667 1144 supra
1679 1111 1766 1137 homi—

975 1155 1037 1174 num
1048 1147 1224 1174 conditionem
1238 1147 1350 1174 dicitur.
1363 1148 1456 1180 Aquas
1470 1151 1592 1180 tangere,
1608 1146 1724 1177 moveri,
1737 1151 1765 1173 et

975 1187 1081 1210 mutare
1089 1183 1188 1213 locumI
1199 1186 1262 1208 sunt
1278 1182 1402 1208 humana:
1415 1182 1602 1215 operationes;
1617 1181 1665 1207 sed
1679 1187 1765 1215 aquas

975 1217 1072 1251 pedum
1103 1217 1237 1252 gravitate
1260 1224 1369 1251 pressas
1391 1224 1443 1242 tton
1464 1215 1597 1248 difﬂuere,
1623 1215 1764 1252 hominum

975 1251 1160 1280 conditionem
1174 1252 1294 1279 excedit.
1313 1252 1451 1279 Christum
1465 1251 1584 1285 denique
1597 1254 1638 1286 (ut
1656 1251 1766 1278 verissi-

976 1294 1033 1314 mas
1054 1288 1188 1314 humanas
1210 1295 1305 1315 omnes
1333 1287 1509 1321 operationes
1533 1286 1763 1321 complectamur)

974 1324 1092 1356 esurire,
1113 1325 1207 1352 edere.
1232 1322 1319 1354 sitire,
1335 1323 1439 1354 bibere,
1456 1329 1487 1347 ac
1501 1321 1601 1347 similia
1620 1328 1763 1354 exercere,

976 1358 1088 1391 perinde
1104 1362 1148 1386 est
1162 1366 1194 1385 ac
1211 1358 1351 1385 Christum
1370 1364 1400 1383 ea
1419 1364 1509 1390 gerere
1519 1363 1579 1390 quae
1594 1361 1656 1382 sunt
1678 1357 1766 1383 homi-

976 1393 1033 1424 nis;
1059 1395 1105 1420 sed
1125 1393 1182 1425 ille,
1198 1401 1259 1420 eum
1282 1400 1337 1420 non
1355 1398 1428 1419 esset
1441 1392 1517 1418 solus
1531 1392 1623 1423 homo,
1641 1393 1687 1418 sed
1702 1399 1765 1426 per-

975 1435 1039 1454 sona
1056 1429 1147 1455 divina
1165 1429 1191 1455 itt
1213 1432 1309 1454 nalura
1325 1428 1444 1454 humana
1467 1427 1630 1458 subsistens,
1649 1428 1765 1462 gerebat

975 1471 1055 1494 supra
1069 1464 1203 1490 hominum
1219 1463 1406 1490 conditionem.

1014 1498 1130 1525 Sensum
1154 1499 1226 1525 hunc
1247 1498 1372 1532 apprime
1385 1497 1567 1524 orthodoxam
1584 1497 1764 1529 conﬁrmant,

975 1540 1097 1562 errorem
1109 1534 1212 1560 nullum
1229 1534 1376 1567 propitiant
1392 1540 1424 1561 ea
1441 1533 1550 1559 demum
1565 1533 1663 1559 verba:
1680 1532 1764 1560 Crete-

975 1576 1034 1594 rum
1046 1569 1145 1600 divina,
1161 1577 1212 1595 non
1227 1576 1278 1602 qua
1291 1568 1373 1599 Deus,
1390 1568 1531 1601 patrabat;
1550 1575 1633 1602 neque
1645 1571 1764 1594 humana

974 1608 1106 1637 quatenus
1128 1605 1216 1633 homo,
1234 1603 1357 1638 gerebat,-
1378 1603 1421 1629 sed
1442 1609 1573 1637 quatenus
1585 1608 1642 1628 erat
1656 1602 1725 1638 Deus
1740 1609 1764 1629 et

974 1638 1060 1665 homo.
1075 1638 1217 1670 Videlicet,
1233 1645 1320 1672 neque
1337 1638 1467 1665 tttiracttla
1480 1645 1539 1672 qua:
1552 1637 1765 1672 patrabatCltri-

973 1679 1042 1705 stus,
1062 1681 1149 1707 neque
1164 1675 1340 1708 operationes
1354 1673 1488 1700 humanas
1503 1680 1573 1706 quas
1593 1672 1636 1699 ille
1651 1673 1763 1705 edebat,

975 1713 1021 1734 attt
1046 1709 1120 1735 solus
1139 1710 1208 1735 Deus
1224 1709 1400 1742 operabatur,
1427 1713 1473 1734 attt
1497 1708 1572 1734 solus
1588 1709 1690 1741 homo;
1714 1710 1763 1735 sed

974 1743 1056 1770 homo
1073 1744 1144 1771 Deus
1160 1743 1202 1771 vel
1219 1744 1292 1770 Deus
1309 1745 1391 1770 homo
1410 1743 1505 1773 simul,
1525 1743 1575 1770 hoc
1588 1748 1630 1769 est
1647 1750 1763 1777 persona

973 1779 1065 1805 divina
1092 1780 1117 1805 in
1138 1784 1235 1806 natura
1258 1779 1413 1805 subsistens
1429 1779 1559 1806 humana.
1586 1779 1663 1812 Quod
1681 1779 1703 1805 si
1719 1779 1763 1807 dl-

974 1815 1091 1841 cendutn
1117 1813 1206 1846 foret,
1235 1814 1353 1840 hmnana
1379 1821 1432 1840 non
1461 1814 1579 1847 gessisse
1613 1814 1762 1847 Christum,

973 1853 1107 1883 quatenus
1130 1850 1279 1881 hominem,
1293 1857 1328 1875 eo
1339 1849 1403 1883 quia
1419 1849 1508 1875 divina
1531 1849 1678 1876 ellicientia
1695 1856 1761 1884 ope-

975 1885 1088 1911 rabatur
1100 1892 1152 1916 ea;
1177 1885 1212 1911 ita
1232 1883 1408 1911 fabulandum
1429 1889 1513 1916 esset,
1536 1884 1627 1910 divina
1647 1883 1762 1919 nonpa-

975 1923 1062 1946 lrasse
1083 1919 1220 1947 Christum
1243 1924 1379 1954 quatenus
1404 1919 1500 1952 Deum,
1525 1926 1556 1946 ac
1571 1919 1593 1945 si
1613 1918 1760 1946 elﬁcietitiu

973 1955 1096 1989 quaedam
1120 1956 1237 1981 humana
1263 1955 1442 1982 miraculosos
1454 1954 1514 1981 illos
1530 1954 1644 1981 allectus
1658 1962 1757 1989 opera-

975 1994 1060 2017 retur.
1080 1990 1173 2024 Apage
1184 1997 1282 2025 nugas.

1006 2025 1072 2057 Quae
1093 2033 1154 2051 cum
1177 2026 1212 2052 ita
1228 2024 1266 2051 ’se
1285 2024 1413 2056 habeant,
1428 2032 1487 2060 vox
1509 2025 1583 2052 nulla
1606 2025 1758 2060 excogitari

973 2067 1063 2095 aptior
1078 2065 1184 2094 poterat
1198 2061 1232 2086 ad
1248 2061 1402 2094 huptsmodi
1421 2059 1484 2088 Jesu
1497 2060 1601 2087 Christi
1618 2061 1761 2095 operatio-

972 2102 1021 2122 nes
1039 2095 1229 2128 declaraudas,
1250 2103 1332 2129 quam
1352 2103 1426 2122 nova:
1444 2095 1574 2122 deivirtlis
1587 2096 1761 2129 operationis.

971 2131 1204 2163 Quemadmodum
1236 2130 1320 2166 686
1352 2132 1426 2157 enim
1456 2130 1594 2157 Christum
1624 2132 1763 2158 credimus

973 2165 1056 2192 Deutn
1071 2165 1337 2199 verum,verumque
1350 2165 1487 2192 hominem
1505 2173 1512 2191 :
1532 2166 1569 2191 ita
1581 2167 1761 2200 operationes

971 2201 1030 2235 ejus
1043 2200 1290 2235 (merasltumanas
1304 2202 1330 2227 in
1343 2202 1498 2235 exetnplum
1515 2201 1631 2235 adduco)
1645 2201 1760 2235 prolici-

971 2238 1122 2263 seebantur
1135 2237 1169 2263 ab
1183 2236 1354 2263 humanitate
1371 2236 1445 2263 velut
1461 2243 1476 2261 a
1489 2236 1626 2270 principio
1639 2236 1761 2268 l'ormali,

140 2270 274 2296 excellenti
286 2275 314 2310 et
324 2270 528 2310 etitniotnodo.
550 2271 680 2310 lntcgratn
697 2277 778 2304 quam
795 2270 856 2310 quis
867 2278 919 2297 lloll
934 2274 955 2303 C
973 2275 1000 2310 et
1015 2279 1029 2297 a
1044 2277 1163 2305 persona
1178 2271 1272 2310 divina
1286 2271 1327 2297 vel
1338 2270 1373 2297 ab
1390 2271 1541 2306 ltypostasi,
1556 2271 1641 2310 veluti
1654 2271 1758 2306 princi-

142 2310 229 2331 vmeat
245 2304 407 2340 catholicam
426 2306 516 2337 lidettt,
529 2313 583 2340 qua
598 2307 744 2336 credimus,
765 2305 856 2331 omnia
870 2313 920 2332 no-

142 2346 196 2366 stra
214 2349 229 2366 a
247 2339 316 2366 Filio
332 2340 379 2367 Dei
396 2339 545 2374 assumpta,
561 2347 594 2367 ea:
607 2342 680 2366 nobis
697 2340 817 2374 quidem,
836 2341 861 2367 id
877 2344 920 2367 est

141 2383 202 2402 vere
216 2384 248 2402 at:
261 2376 374 2409 integre,
391 2376 438 2402 sed
448 2384 527 2409 supra
541 2384 598 2407 nus,
613 2381 704 2409 utp0te
716 2377 762 2409 qui
773 2381 919 2409 conceptus

142 2411 221 2437 luerit
238 2418 271 2437 ex
290 2409 418 2444 Virgine,
446 2415 480 2437 ab
503 2412 576 2437 otnni
603 2411 731 2437 immunis
752 2415 865 2443 peccato
887 2419 919 2438 ac

142 2447 212 2472 ontni
232 2453 338 2480 peccati
365 2446 544 2480 contagione?
561 2447 619 2478 Qua
645 2453 751 2472 rursum
769 2445 917 2477 crediturus,

142 2482 233 2508 eadem
258 2489 351 2507 mutua
378 2488 471 2508 nostra
501 2481 655 2514 excellenti,
674 2481 754 2507 modo
772 2488 805 2507 ac
827 2481 919 2507 tllVlllO

143 2516 228 2543 inesse
239 2516 360 2548 Christo,
373 2523 434 2543 cuin
450 2515 539 2543 divina
554 2516 614 2543 Filii
635 2523 750 2551 persona
772 2516 919 2543 subsisten-

144 2556 193 2578 tem
212 2551 305 2578 reddat
318 2557 442 2578 naturam
464 2553 624 2584 humanam,
637 2552 787 2584 eademque
802 2558 918 2584 persona

143 2587 228 2614 divina
244 2587 271 2612 lll
289 2587 406 2613 humana
423 2592 517 2613 natura
538 2591 675 2620 assumpta
698 2591 733 2613 Sll.
755 2586 916 2620 principium

142 2629 363 2656 quarutncuttque
377 2622 478 2650 Chrtsti
499 2622 708 2657 operattonutu?

174 2658 212 2684 Ea
225 2662 267 2684 est
286 2664 370 2684 ettam
387 2659 522 2685 sententia
540 2658 682 2685 auctoris:
699 2656 782 2683 Deum
805 2656 917 2684 Verbum

144 2695 167 2721 itt
182 2693 353 2721 humanitate
365 2693 462 2728 integre
477 2699 500 2719 et
512 2701 571 2719 vere
581 2693 632 2720 sibi
644 2693 781 2727 copulata,
797 2694 879 2727 egisse
893 2699 917 2718 et

143 2737 244 2764 possunt
267 2736 322 2755 esse
346 2736 404 2763 qua:
427 2732 542 2755 humano
551 2729 654 2755 divina:
672 2729 832 2763 operationis
860 2728 916 2762 ejus

143 2765 269 2798 prwcipua
284 2769 344 2790 sunt
365 2768 388 2790 et
411 2764 571 2798 singularia.
591 2764 648 2790 Non
671 2769 709 2790 att
731 2763 821 2790 divma
849 2771 917 2798 qua-

144 2799 355 2827 damellicientia
370 2800 460 2834 egisse
479 2807 562 2832 opera
578 2799 670 2826 divina
694 2799 870 2831 miraculosa,
888 2802 917 2825 ct

144 2837 225 2869 egisse
249 2843 281 2862 ac
304 2837 444 2870 supplesse
458 2835 630 2869 operatioues
651 2835 797 2869 ctetcroqui
819 2835 915 2861 huma-

145 2878 197 2900 nas.
214 2871 259 2898 Ait
275 2869 360 2904 vero,
374 2870 458 2897 Deuut
474 2869 589 2897 Verbum
600 2871 687 2904 egisse
697 2878 728 2897 ea
742 2872 845 2903 omnia,
856 2878 916 2905 quae

145 2907 173 2934 ad
190 2908 441 2935 humano-amnem
457 2914 514 2942 eius
536 2914 720 2942 Opet'attonetu
738 2909 914 2942 spectabant;

972 2307 1016 2340 pio
1038 2310 1154 2340 agente;
1182 2307 1306 2340 adeoque
1333 2314 1385 2333 uua
1415 2314 1480 2333 voce
1499 2307 1668 2340 appellanda:
1697 2312 1762 2334 sunt

971 2341 1122 2369 deivirtles.
1136 2341 1172 2367 At
1188 2343 1417 2375 quemadmodum
1441 2349 1494 2369 noa
1515 2349 1568 2368 una
1590 2348 1632 2369 est
1655 2342 1760 2369 Christi

972 2382 1069 2402 natura
1083 2383 1116 2402 ex
1129 2377 1236 2403 duabus
1251 2376 1380 2408 conﬂata,
1404 2377 1539 2408 sedlnova
1558 2384 1718 2404 naturarum
1734 2378 1762 2405 in

970 2419 1002 2438 eo
1030 2411 1118 2438 uttitio
1141 2413 1212 2438 Iacta
1231 2417 1293 2438 est:
1320 2413 1358 2438 ita
1381 2420 1432 2438 nec
1453 2420 1519 2444 una,
1538 2413 1644 2439 scilicet
1658 2413 1760 2446 divina,

970 2446 1022 2473 l'uit
1034 2446 1135 2482 Christi
1152 2453 1286 2480 operatio,
1303 2448 1350 2474 sed
1364 2455 1428 2472 nova
1447 2453 1575 2482 apparuit
1587 2450 1614 2474 llI
1629 2455 1662 2474 co
1674 2448 1760 2475 deivi~

970 2482 1037 2508 rilis.
1051 2481 1110 2518 Non
1124 2481 1161 2508 ita
1176 2483 1348 2517 liutyehtano
1365 2484 1454 2508 errori
1470 2481 1622 2510 c’ortsouam
1639 2490 1761 2518 agnove-

971 2522 1033 2543 runt
1062 2517 1258 2553 Monopltysttze
1283 2517 1437 2543 deivrrtlem
1466 2524 1664 2552 operattonent,
1691 2526 1759 2553 qutn

969 2553 1062 2586 potius
1085 2552 1167 2578 veluti
1191 2554 1333 2579 adversam
1355 2553 1502 2586 rejeceriut
1522 2561 1576 2580 non
1598 2554 1692 2587 pauci.
1707 2554 1761 2581 Pro

969 2594 1035 2614 notat
1065 2587 1254 2616 sustinuerunt
1287 2594 1368 2613 unum
1386 2588 1526 2621 nonnulli;
1542 2596 1622 2614 unum
1642 2590 1761 2616 retinen-

970 2626 1023 2654 tes,
1037 2623 1190 2650 deivirilem
1203 2624 1359 2657 rejeceruut
1376 2622 1435 2655 aln,
1454 2625 1575 2651 divinam
1588 2624 1760 2652 solummodo

969 2661 1159 2692 agnoscentes.

1003 2693 1033 2718 In
1046 2691 1227 2728 Lateranensi
1250 2692 1366 2720 concilio
1394 2694 1445 2721 sub
1469 2693 1587 2721 Martino
1602 2701 1671 2728 papa
1689 2703 1761 2722 anno

967 2727 1020 2754 649
1037 2728 1187 2760 celebrato,
1201 2727 1455 2764 Monophysttarum
1480 2727 1760 2762 ouorum’,conlhctus

968 2764 1114 2797 exponitur
1128 2766 1280 2791 secretario
1294 2765 1311 2791 ὃ
1322 2784 1330 2798 ,
1347 2766 1453 2791 scilicet
1468 2764 1587 2791 Colluthi
1603 2769 1630 2791 et
1645 2764 1759 2792 'l‘hemt-

968 2799 1031 2825 stit:
1049 2805 1166 2833 quorum
1183 2798 1235 2835 iste
1249 2807 1328 2835 unum
1342 2800 1486 2826 deiviritem
1499 2799 1687 2835 operatipuent
1703 2806 1758 2827 sta-

969 2832 1070 2870 tuebat’,
1083 2835 1155 2868 quod
1170 2832 1253 2861 etiam
1265 2835 1302 2870 Cy
1309 2832 1354 2861 t’its
1365 2832 1580 2866 Alexandrinus,
1597 2833 1760 2864 Theodotus

968 2869 1144 2906 Pharanttes,
1154 2870 1266 2903 Sergius
1277 2869 1305 2896 et
1316 2870 1438 2904 Pyrrhus
1450 2870 1760 2906 Constantinopolilani,

967 2905 1066 2940 alitque
1089 2905 1229 2938 disertim;
1253 2913 1332 2933 uuam
1358 2906 1402 2933 ide
1426 2905 1551 2940 quidem,
1576 2908 1611 2934 ad
1636 2905 1759 2936 ait-inani
