1918 3087
153 138 222 167 1079

150 201 332 244 solummodo,
348 207 395 227 seu
420 199 475 244 [ηρ
496 204 688 244 cu‘ngrufntﬁtn‘.
701 204 732 226 ut
750 199 864 244 vocabat
879 199 936 244 ille,
952 216 974 244 Α

150 240 198 262 aut
220 235 336 263 barbaro
357 235 489 263 vocabulo
509 235 564 262 Deo
584 235 739 266 decibt'lem,
761 234 856 262 Graece
879 234 937 262 θεο-

149 271 255 306 πρεπῆ,
277 271 464 305 appellandam
489 277 550 298 esse
572 270 764 297 contendebat.
785 271 885 298 Verum
908 270 935 297 in

150 306 177 334 id
202 307 411 334 consentiebant
429 307 539 333 domum
564 310 724 337 omnes,ut
737 313 788 332 una
814 311 887 333 esset
910 306 936 332 in

149 341 259 369 Christo
281 342 405 376 operatio
428 341 533 374 divina,
546 341 624 375 cujus
640 348 722 367 unum
747 346 820 369 esset
834 341 937 374 princi-

148 377 225 409 pium
250 382 500 412 actuosum'penes
525 376 714 408 divinitatem,
740 376 935 403 humanitatem

150 419 198 439 seu
213 412 304 439 anima
320 412 445 439 rationali
458 416 486 439 et
500 418 616 445 corpore
628 419 658 438 se
671 412 833 439 habentibus
849 412 937 438 instar

149 448 244 482 organi
263 452 291 474 et
303 447 497 482 instrumenti,
516 454 564 481 per
583 447 655 480 quod
679 447 736 481 ipsa
753 446 935 482 trajiceretur.

149 481 288 510 Theodori
301 481 457 510 Pharanitis
470 486 552 509 verba
567 481 670 511 refero.
683 489 743 515 qua:
760 481 896 509 habentur
908 482 936 509 itt

149 518 253 552 synodo
275 525 301 545 Vt
318 518 486 546 cecumenira
512 519 621 545 actione
661 517 696 544 15
708 536 716 547 ,
731 521 759 544 et
779 517 806 545 in
822 517 936 544 Latera-

149 553 227 580 nensi
243 553 327 580 citato
341 553 458 581 concilio
473 553 623 580 secretario
637 553 665 584 5,
678 553 820 588 desumpta
830 560 863 580 ex
878 553 938 588 ejus

148 588 263 622 epistola
279 588 314 616 ad
334 588 459 623 Sergium
481 588 669 616 Arsenoitatn:
701 597 711 613 t
725 587 839 622 Oportet
853 588 937 623 igitur

149 630 247 658 sapere
262 628 297 650 .et
322 624 415 651 dicere
440 631 500 655 nos,
523 623 614 650 omnia
629 631 689 658 quae
702 624 728 650 in
744 623 936 651 incarnatione

149 657 302 686 salvatoris
314 658 417 687 Christi
430 659 559 686 dicttntur
571 657 741 694 essepnnam
758 659 829 686 scire
841 666 938 694 opera-

149 694 250 721 tiouent
272 702 350 727 esse;
374 694 455 728 hujus
479 699 570 721 autem
593 692 719 729 opiﬁcem
741 697 768 721 et
783 692 935 722 creatorem

148 730 232 756 Deum
249 729 376 761 Verbum,
392 737 524 764 organum
543 736 609 756 vero
628 729 823 757 humanitatem
843 730 934 757 consi-

148 770 232 792 stere.
250 765 321 800 Ergo
336 763 451 800 qtueque
465 764 548 792 veluti
563 763 596 790 de
613 765 668 792 Deo
679 785 686 795 .
703 769 750 792 attt
762 766 881 792 humane
902 765 936 792 de

148 799 207 840 ipso
219 799 369 840 'dlctlitlur,
379 800 474 840 _0tnni_u
490 808 551 840 una_
566 800 846 840 est_operatio_\ierhi
862 800 935 840 diyi-

148 835 252 862 uitatis.
271 845 280 862 ι
304 835 366 869 Quo
379 835 437 862 loco
451 835 682 863 Mooothclitictnn
697 840 724 862 et
740 835 935 871 Monophysiti-

145 878 210 896 cum
231 877 352 898 errorem
378 871 520 905 perspicue
542 871 696 904 expositum
723 871 816 898 habes.
847 872 934 904 Quam

147 905 225 939 longe
237 913 301 933 vero
313 907 419 941 lateque
433 907 533 933 distant
543 906 730 940 Areopagitica
744 906 831 933 dicta!
846 905 933 933 Unam
951 914 971 941 Β

146 945 226 967 vocat
238 942 423 975 operationem
434 941 534 969 Christi
549 941 720 971 Theodorus.
734 950 828 968 novam
840 947 934 968 auctor

147 981 257 1003 noster:
272 977 389 1003 divinant
406 976 575 1004 solummodo
590 977 645 1008 ille,
661 976 806 1003 deivirilem
823 982 870 1003 aut
883 977 935 1002 Itu-

146 1012 359 1038 mano-dim’nam
376 1012 442 1039 iste:
463 1012 679 1046 proliciscenteut
694 1021 708 1038 a
724 1012 781 1038 sola
799 1010 878 1038 Verbi
893 1012 936 1038 di-

144 1047 253 1073 vinitate
275 1047 446 1079 Pharanites,
471 1056 485 1073 a
505 1046 559 1073 Dea
574 1052 598 1074 et
613 1047 717 1074 homine
732 1051 827 1073 auctor
848 1048 935 1074 Areo-

145 1082 346 1115 pagiticorunt:
367 1082 509 1117 trajectum
527 1082 636 1109 detnutn
656 1090 704 1117 per
724 1082 933 1114 humanitatem.

145 1117 229 1152 ven-ti
248 1125 296 1152 per
309 1125 442 1152 organum
467 1117 529 1150 ille;
549 1125 602 1152 qua
622 1125 699 1150 voce,
715 1123 763 1144 aut
777 1118 874 1151 simili,
887 1123 935 1145 aut

146 1151 217 1187 aliini
234 1151 299 1179 usus
315 1151 366 1180 iste
382 1161 519 1187 nunquam
534 1151 584 1180 est.

180 1185 259 1223 Patet
273 1196 354 1222 quant
371 1185 502 1221 maxime,
516 1192 634 1216 mentem
657 1187 715 1221 ejus
735 1188 935 1223 consiliumque

144 1222 216 1249 haud
224 1221 318 1257 fuisse,
327 1229 356 1250 ut
369 1231 450 1250 unatn
465 1223 492 1250 itt
504 1223 611 1250 Christo
624 1223 747 1251 divinam
760 1221 934 1252 eiﬁcientiam

144 1262 290 1291 statueret,
307 1266 367 1293 qua:
381 1258 501 1285 elliceret
513 1259 604 1285 omnia
614 1278 622 1291 ,
637 1259 693 1286 sive
708 1259 799 1286 divina
823 1265 915 1286 essent
926 1279 934 1291 ,

144 1293 203 1320 sive
219 1292 336 1320 humana
354 1300 520 1328 apparerent
533 1301 617 1328 opera
632 1295 701 1328 ejus.
717 1292 773 1321 lttto
787 1294 812 1321 id
829 1294 880 1321 sibi
900 1296 935 1322 ab

145 1328 203 1362 ipso
217 1329 386 1363 propositum
406 1330 473 1356 satis
488 1334 608 1361 constat,
630 1335 659 1356 ttt
683 1337 779 1356 novatn
799 1330 936 1364 operatio-

144 1370 207 1390 nem
229 1364 348 1396 Christi,
363 1372 396 1391 ex
423 1372 492 1391 nova
514 1365 629 1391 duarum
655 1371 812 1391 naturarum
830 1365 856 1392 in
881 1373 934 1392 una

144 1406 261 1433 persona
277 1399 336 1426 Filii
351 1401 450 1426 unione
458 1404 663 1435 exsurgentem,
676 1399 935 1428 declararetcondi-

146 1435 246 1461 tionem
261 1435 436 1470 llttlolemque
450 1436 475 1462 in
488 1442 521 1462 eo
531 1436 659 1468 positam,
675 1439 704 1462 ut
717 1436 842 1470 operatio
854 1436 935 1463 Chri-

145 1469 180 1495 sti
205 1469 334 1504 qutelibet
358 1471 487 1497 demirilt’s
513 1475 606 1502 esset,
630 1476 677 1497 aut
698 1470 933 1498 humana-divina.

144 1504 256 1538 Triplex
270 1506 328 1539 jam
338 1513 428 1539 genus
439 1505 627 1541 operationum
642 1506 700 1540 ejus
714 1506 841 1541 distingtti
855 1514 935 1540 opor-

144 1545 202 1567 tere
210 1541 416 1573 adnotavimus;
432 1549 524 1568 earuttt
535 1541 649 1573 scilicet,
660 1549 721 1576 quae
731 1541 847 1569 Deitatis
857 1547 932 1576 sunt,

144 1580 175 1601 ut
189 1577 322 1603 tntntdtttn
338 1584 451 1609 creare;
467 1584 561 1604 earum
577 1577 662 1609 item,
679 1584 740 1611 quae
756 1577 934 1604 humanitatis

146 1611 305 1645 specialiter
318 1619 435 1645 proprne
449 1617 524 1644 sunt,
542 1617 571 1638 ut
584 1613 708 1644 esurire,
723 1612 822 1644 edere;
840 1620 934 1639 earuut

143 1646 271 1680 denique,
281 1655 340 1680 qua:
352 1647 439 1674 tnistze
447 1648 574 1674 dicuntur
582 1647 782 1681 quodammodo
791 1654 824 1674 ex
835 1648 936 1674 utrius-

143 1689 197 1715 qtte
214 1686 316 1710 natura:
330 1683 468 1714 coulluxu,
484 1688 513 1709 ut
529 1688 602 1710 tactu
625 1684 717 1710 carnis
732 1687 867 1709 mortuum
886 1691 935 1709 ex-

948 1593 970 1620 (1

546 137 684 166 NOTITIA
704 136 738 166 [Ν
756 137 785 165 S.
809 136 1001 165 DIONYSIUM
1018 135 1249 164 PARISIENSEM
1267 136 1376 166 EPISC.

1748 135 1837 163 5680

991 198 1139 226 suscitare.
1162 199 1281 234 Hujusce
1304 204 1434 226 ex.rem:e
1454 197 1555 225 classis
1577 196 1833 234 operationibus

989 233 1163 267 frequentius
1175 232 1284 264 Patres.
1301 235 1346 268 qtti
1363 234 1552 261 Monothelitas
1565 238 1595 260 et
1611 232 1831 268 Mooopttysi-

990 274 1033 297 tas
1049 270 1163 297 insecuti
1178 273 1254 300 sunt,
1266 267 1399 296 deivirilis
1412 269 1582 303 operationis
1599 275 1716 295 nomen
1740 267 1830 303 iridi-

988 305 1105 336 derunt;
1132 306 1284 339 eodemque
1306 306 1495 340 operationum
1521 311 1627 339 genere
1651 302 1824 332 adhibito,

988 340 1056 368 duas
1067 341 1094 367 in
1110 340 1221 368 Christo
1241 341 1415 374 operationes
1430 340 1653 372 constituebant,
1673 345 1825 373 quarum

989 375 1075 402 altera
1087 382 1102 402 tt
1114 375 1268 409 divinitate,
1281 384 1296 402 a
1308 380 1406 402 natura
1419 376 1537 403 humana
1553 375 1824 411 proficiscebatur

988 411 1085 447 altera.
1102 411 1227 447 Tangere
1250 419 1379 444 carnem,
1397 409 1568 446 iuquiebant,
1585 410 1671 445 cujus
1683 409 1820 447 estjtirsi

988 446 1123 478 bmninis;
1140 444 1259 481 efcujus
1275 451 1317 473 est
1340 444 1475 473 mortuum
1490 448 1628 477 excitare,
1648 445 1709 473 nisi
1734 444 1796 471 Diei
1808 445 1822 470 ἲ

1024 481 1158 509 Caeterum
1189 489 1251 509 cum
1267 481 1521 517 Areopagiticorum
1547 486 1650 509 auctor
1678 487 1716 508 et.
1739 486 1819 514 post

988 516 1076 551 ipsum
1102 517 1270 544 Scholiastes
1292 517 1362 550 ejus,
1381 516 1488 552 aliique
1507 517 1607 545 Patres
1629 517 1816 552 universitn

987 552 1124 579 alllrment
1140 553 1250 587 (verbis
1265 557 1327 580 utor
1341 552 1666 580 Ludovici‘Tltomassini
1683 552 1737 578 De
1755 551 1816 578 lu-

988 589 1158 619 carnatione,
1174 588 1244 616 libro
1263 595 1294 618 ν,
1308 587 1398 622 capite
1413 588 1441 620 6,
1457 589 1484 615 ll
1496 589 1521 622 ):
1540 597 1550 614 ε
1566 595 1619 615 nec
1640 593 1674 615 ut
1704 588 1813 614 Deum

988 623 1090 655 divina,
1115 631 1165 651 nec
1188 628 1217 650 ut
1240 624 1377 650 honinem
1404 624 1521 650 humana
1546 628 1695 658 operatttm
1732 630 1812 650 esse

986 657 1141 691 Christum;
1154 659 1202 686 sed
1219 664 1246 685 et
1261 659 1287 685 in
1302 659 1402 686 divinis
1421 657 1628 693 operationibus
1649 658 1809 688 hominis.

987 698 1014 721 et
1028 694 1200 735 inhumanis
1208 693 1258 735 Dei
1270 694 1377 735 aliquas
1393 694 1604 735 partesl'uisse;
1622 695 1694 735 quid
1712 694 1808 735 aliud

987 733 1072 756 restat
1091 730 1142 757 nisi
1158 737 1191 756 ex
1208 730 1262 756 Deo
1285 735 1312 756 et
1329 730 1438 757 homine
1456 730 1554 757 mistas
1573 730 1807 764 quodammodo

987 764 1070 792 fuisse
1085 773 1181 792 omnes
1196 764 1297 792 Christi
1311 765 1483 799 operationes
1501 772 1533 791 ac
1548 766 1666 800 proinde
1682 772 1806 792 omnes

987 800 1172 827 theaudricas.
1186 800 1312 834 Alioquin
1326 808 1378 827 non
1395 801 1431 827 ita
1448 800 1711 832 indiscrimiuatitn,
1737 808 1803 827 non

987 835 1024 862 ita
1049 835 1253 862 inconsiderate
1279 836 1508 869 pronuntiandum
1531 841 1604 867 erat,
1620 843 1672 864 nec
1688 836 1801 862 divina

987 875 1018 897 ut
1033 871 1127 903 Detttn,
1146 878 1195 898 nec
1209 872 1327 898 humana
1341 877 1371 898 ut
1383 871 1520 898 hominem
1537 877 1683 905 operatum
1700 879 1799 902 esse;

986 907 1033 934 sed
1049 906 1273 940 circumspectius
1294 907 1421 933 aietulutn
1438 905 1538 939 fuerat,
1553 906 1649 933 divina
1667 907 1799 940 quidem

986 946 1015 968 ut
1044 942 1138 973 Deutn,
1163 943 1280 968 htttnana
1309 947 1338 968 ut
1369 941 1508 968 hominem
1532 942 1697 976 plerumque
1727 949 1799 976 per-

985 977 1093 1011 egisse;
1120 984 1183 1003 raro
1211 982 1314 1008 autem,
1337 984 1432 1011 nempe
1445 977 1507 1002 dum
1524 978 1655 1004 miracula
1672 977 1797 1007 edi-ret.

985 1013 1078 1039 divina
1092 1015 1120 1038 ut
1132 1012 1282 1045 hominem,
1300 1013 1416 1039 humana
1430 1017 1458 1038 ut
1467 1011 1551 1038 Deum
1565 1012 1705 1045 eﬂ‘ecisse,
1720 1013 1796 1039 dum

987 1047 1122 1080 tangendo
1136 1048 1287 1074 suscitabat
1306 1053 1453 1079 mortuum,
1468 1052 1496 1073 et
1510 1048 1671 1075 suseitando
1686 1053 1795 1083 tange-

986 1082 1042 1109 bat.
1066 1084 1101 1109 At
1123 1083 1227 1109 nullum
1243 1083 1295 1110 sibi
1312 1082 1424 1110 limitem
1439 1083 1496 1117 ligit
1513 1089 1630 1110 auctor:
1645 1082 1793 1110 (la-ternm

986 1126 1067 1153 neque
1082 1118 1170 1144 divina
1186 1123 1212 1144 tu
1231 1118 1311 1150 Deus,
1327 1125 1407 1152 neque
1433 1118 1552 1145 humana
1573 1124 1600 1145 ut
1615 1121 1695 1145 homo
1721 1127 1793 1153 age-

986 1154 1048 1193 bat;
1062 1154 1253 1193 sedqualenus
1269 1158 1326 1180 erat
1342 1153 1413 1193 Deus
1423 1158 1450 1193 et
1467 1153 1557 1193 homo,
1576 1163 1671 1181 novam
1686 1162 1792 1188 quam-

985 1189 1058 1221 dam,
1074 1188 1209 1215 nobiscum
1228 1189 1418 1221 conservando,
1434 1188 1581 1216 deivirt'lem
1597 1196 1789 1223 operationem

985 1224 1132 1261 celtibebut.
1145 1233 1154 1250 ι
1176 1224 1226 1261 Qui
1249 1229 1277 1251 et
1296 1225 1352 1251 alio
1360 1225 1426 1261 loco
1441 1231 1494 1251 non
1511 1225 1603 1261 solum
1621 1225 1788 1261 θεουργίαν,

985 1259 1102 1296 divinant
1116 1259 1306 1296 operationem,
1318 1259 1365 1287 sed
1380 1261 1462 1285 etiam
1474 1259 1784 1296 dvoptxﬁvmumnnam,

988 1295 1039 1321 hoc
1055 1299 1098 1322 est
1115 1295 1366 1322 humano-diuinam
1385 1299 1473 1322 vocat.
1491 1304 1500 1320 ι
1512 1297 1551 1322 Ac
1571 1295 1703 1330 praterea
1722 1298 1786 1323 tlte-

986 1329 1104 1366 andricze
1128 1331 1295 1364 operationis
1321 1330 1484 1366 princtpium
1513 1329 1641 1366 indigttat
1662 1337 1783 1363 auctor,

987 1365 1070 1391 Deum
1088 1366 1219 1392 hominem
1230 1365 1345 1399 [‘actum,
1358 1371 1385 1392 et
1401 1373 1415 1391 a
1437 1365 1492 1392 Deo
1505 1365 1617 1394 homine
1633 1367 1708 1394 facto
1727 1375 1782 1394 non

985 1401 1097 1437 tertium
1113 1406 1216 1427 tanttttn
1241 1403 1407 1436 tnisttnnque
1427 1409 1513 1434 genus
1529 1403 1714 1437 Operationis,
1732 1403 1782 1430 Sed

985 1440 1012 1461 et
1029 1436 1158 1469 pritnunt,
1174 1440 1202 1463 et
1222 1437 1371 1464 secundum
1393 1436 1563 1471 proﬂuebat;
1591 1443 1619 1465 et
1635 1438 1679 1465 stti
1695 1438 1783 1466 [utilis

985 1477 1110 1508 saporem
1135 1471 1232 1505 triplex
1258 1473 1303 1498 hic
1321 1472 1424 1498 rivulus
1445 1479 1494 1506 pro
1506 1480 1557 1500 suo
1577 1475 1697 1508 quisque
1722 1482 1781 1501 uto-

985 1506 1190 1544 duloaliquent
1201 1516 1266 1534 sane
1279 1511 1415 1534 sort/abut.
1433 1518 1441 1534 ι
1463 1506 1673 1544 Εετεεςίςίριυἱει
1691 1510 1782 1544 pergit

987 1541 1153 1579 illertlocere.
1172 1542 1234 1569 llaec
1250 1545 1315 1570 satis
1341 1543 1420 1570 uenis
1443 1541 1615 1579 eruntfqut'e
1641 1541 1780 1572 hactenus

987 1577 1160 1608 tradidimus,
1174 1584 1203 1605 ut
1230 1579 1333 1615 integra
1356 1578 1493 1606 catholica
1514 1577 1581 1607 ﬁdes
1602 1581 1779 1615 AreOpagiti-

989 1619 1083 1651 eorum
1095 1615 1226 1651 auctoris,
1241 1613 1320 1649 longe
1334 1615 1454 1651 diversa,
1470 1615 1647 1651 maximeque
1661 1613 1777 1643 advarsa

989 1647 1167 1688 Eutychianis
1202 1647 1376 1682 commentis,
1389 1658 1439 1685 pro
1453 1650 1524 1676 virili
1542 1647 1680 1678 vindicata
1694 1657 1779 1679 elex-

989 1688 1078 1716 posita
1093 1689 1254 1712 innotescat.

148 1749 1769 1764 u—-—-——‘————————-——-———.—__

353 1809 751 1887 NOTITIA
779 1810 880 1886 IN
911 1808 990 1886 S.

586 1938 817 1967 PABISIENSEM
834 1938 976 1966 EPISCOP

1021 1809 1562 1891 DlONYSlUM

981 1939 1029 1966 Ulli
1042 1938 1085 1967 ET
1104 1939 1309 1967 ΜΑΙὶΤΥΙὶΕΜ.

382 2014 482 2049 (Gallia
500 2014 663 2046 Christiana,
681 2021 758 2041 nova:
781 2013 912 2041 editionis
928 1995 947 2040 tl
965 2013 1019 2045 VII,
1037 2023 1064 2049 p.
1084 2015 1112 2047 4,
1129 2015 1155 2042 itt
1170 2015 1305 2050 episcopis
1319 2015 1543 2049 Parisiensibus.)

177 2146 208 2173 S.
233 2146 393 2181 Dionysium
419 2154 434 2173 a
462 2147 593 2181 pontiﬁce
612 2147 737 2174 Romano
759 2146 930 2179 ordinatum,

142 2181 347 2209 Parisiensihus
358 2182 460 2209 Christi
480 2182 560 2209 lidettt
580 2183 772 2215 annuntiasse,
790 2182 930 2209 Parisien-

143 2224 201 2243 sem
217 2218 373 2245 condidisse
388 2217 551 2249 Ecclesiam,
568 2219 687 2252 pritnmn
712 2218 792 2252 hujus
811 2219 930 2252 gessisse

141 2252 345 2287 episcopatum,
368 2253 556 2288 martyrioque
578 2254 661 2280 vitam
687 2253 792 2280 liniisae
816 2254 842 2280 in
865 2260 932 2279 con-

143 2288 217 2314 l'esso
230 2292 273 2315 est
289 2288 360 2322 apud
375 2295 484 2316 euntes.
502 2289 570 2321 Quis
582 2295 674 2316 autem
699 2288 782 2315 fuerit
798 2288 843 2315 ille
862 2288 930 2316 Dio-

143 2323 250 2358 nysius,
270 2331 325 2357 quo
341 2327 463 2358 tempore
483 2324 592 2356 vixerit,
615 2329 642 2351 et
663 2332 677 2350 a
700 2332 755 2358 quo
781 2331 797 2351 e
816 2323 931 2350 summis

143 2358 320 2394 pontitlctbus
353 2360 379 2386 in
405 2359 520 2387 Galliam
544 2360 580 2386 sit
604 2359 756 2394 delegatus,
782 2360 833 2386 sub
852 2358 930 2393 cujus

142 2392 298 2430 principatu
311 2396 471 2430 martyrium
484 2395 591 2427 fecerit,
607 2392 725 2430 quaestio
740 2399 794 2427 est,
807 2402 868 2428 quae
881 2402 929 2421 stl-

143 2428 244 2463 periori
266 2429 369 2456 saeculo
383 2428 495 2464 'maguis
513 2428 632 2463 partium
655 2431 754 2458 studiis
780 2435 928 2461 renovata,

142 2463 236 2500 plures
256 2464 395 2500 doctrina,
411 2463 522 2499 ingenio
536 2470 565 2492 et
583 2467 686 2500 pietate
711 2465 833 2500 insignes
854 2465 930 2492 viros

143 2499 307 2534 exagitavit.
329 2499 458 2526 Nostrum
480 2508 534 2527 non
557 2499 599 2527 est
620 2504 711 2528 tatnas
733 2500 797 2527 lites
819 2507 930 2534 compo-

144 2533 294 2570 ttere.r.|am
308 2536 381 2562 enim
403 2536 430 2561 in
446 2535 606 2569 praefatione
619 2535 742 2570 generali
758 2541 854 2562 noster
868 2533 929 2562 nio-

143 2571 205 2596 ttuit
219 2569 452 2598 Sammarthauns
467 2571 552 2598 nostri
577 2569 631 2598 noti
653 2578 714 2598 esse
729 2571 847 2598 instituti
864 2578 929 2605 pro-

144 2605 208 2633 lixis
219 2606 458 2633 dissertationibus
476 2606 661 2633 licclesiarum
676 2606 796 2640 origines
812 2606 928 2633 investi-

144 2647 222 2674 gare,
233 2642 334 2676 quibus
346 2641 415 2668 ultra
429 2641 516 2676 legent
532 2646 615 2668 tanta;
624 2641 703 2669 tuolis
714 2649 783 2674 opus
795 2642 928 2669 tenderet.

143 2677 180 2703 At
194 2683 257 2704 cum
272 2677 305 2704 de
324 2677 481 2712 pritnordiis
497 2677 626 2704 Ecclesiae
644 2677 810 2704 l’arisieusis
822 2676 930 2710 gravis-

142 2712 429 2746 simadispulationes
446 2713 518 2739 inter
531 2714 605 2739 viros
616 2712 738 2739 historiae
746 2712 930 2746 perittssitnos

142 2748 282 2780 praeterito
312 2749 430 2776 maxime
453 2748 556 2775 satculo
583 2748 610 2774 itt
642 2748 730 2774 lucent
759 2747 929 2781 prodierint,

143 2783 246 2817 absque
267 2784 442 2819 negligentia:
467 2788 543 2816 nota,
566 2787 614 2810 aut
637 2783 762 2819 veritatis
783 2783 929 2816 dispendio

142 2818 314 2846 dtversarutn
328 2818 489 2853 opinionum
502 2819 682 2846 fundamenta
700 2818 929 2845 Sammarthano-

143 2859 205 2879 rum
214 2854 337 2888 vestigiis
352 2856 529 2886 ittltatrentes,
546 2862 597 2881 nec
609 2854 655 2880 ulli
668 2854 769 2881 addicti
785 2853 928 2888 magistro.

142 2888 254 2916 silentio
278 2887 498 2927 praeterunttere
513 2897 567 2918 non
592 2896 750 2926 possumus.
778 2887 874 2924 Itaque
900 2893 930 2916 ut

989 2146 1096 2173 ratione
1112 2152 1139 2174 et
1149 2145 1192 2172 via
1206 2149 1301 2173 nostra
1314 2145 1444 2180 procedat
1453 2145 1553 2178 oratio,
1562 2144 1662 2179 triplex
1678 2145 1770 2173 distin-

985 2181 1092 2216 guenda
1111 2182 1220 2208 videtur
1235 2182 1340 2215 opinio,
1355 2189 1449 2208 eorum
1467 2181 1513 2215 qui
1533 2188 1616 2207 unum
1633 2182 1770 2208 eumdem-

984 2215 1037 2250 Que
1045 2216 1201 2252 Dionysium
1212 2217 1401 2251 Areopagitatn
1410 2222 1437 2244 et
1445 2215 1627 2252 Parisiensem
1635 2221 1766 2252 astrunnt.

985 2252 1071 2278 altera
1084 2251 1180 2279 eorum
1196 2253 1242 2286 qui
1257 2252 1452 2286 Areopagitaut
1466 2260 1479 2277 a
1495 2251 1645 2278 Parisiensi
1659 2252 1766 2285 quidem

981 2287 1167 2321 distinguunt,
1184 2287 1231 2314 sed
1250 2287 1323 2314 hunc
1338 2296 1352 2314 a
1369 2289 1398 2316 ὃ.
1412 2287 1553 2314 Clemente
1568 2288 1682 2314 missum
1697 2294 1766 2314 asse-

984 2328 1057 2349 runt.
1075 2322 1216 2348 l’ostrema
1227 2329 1322 2350 eorum
1340 2323 1439 2357 estqui
1460 2321 1618 2357 Dionysium
1633 2321 1764 2350 Parisien-

981 2364 1039 2385 sem
1057 2363 1085 2384 et
1102 2357 1184 2392 687
1196 2358 1229 2384 ab
1242 2356 1409 2394 Areopagita’
1423 2359 1583 2394 discernunt
1596 2362 1627 2394 et,
1637 2365 1652 2383 a
1668 2356 1695 2383 S.
1706 2358 1764 2385 (Ile-

981 2397 1072 2420 tnente
1086 2401 1199 2419 nussum
1213 2392 1325 2428 negant,
1345 2392 1434 2421 medio
1455 2399 1545 2428 autem
1559 2392 1673 2419 circiter
1688 2398 1763 2421 tertio

982 2428 1083 2468 saeculo
1104 2436 1120 2455 e
1142 2428 1275 2455 Romanis
1299 2430 1423 2464 partibus
1447 2429 1472 2456 in
1494 2427 1600 2455 Gallias
1633 2428 1763 2463 appulisse

981 2468 1150 2491 θιιειιιηυηι.

1014 2499 1054 2526 Ac
1071 2499 1159 2533 priuto
1173 2498 1283 2533 quidem
1299 2499 1319 2527 S
1339 2499 1484 2534 Dionysius
1494 2499 1662 2534 Areopagita
1677 2499 1762 2527 multis

982 2534 1082 2561 abhinc
1094 2535 1202 2565 saeculis
1219 2535 1343 2562 creditus
1356 2535 1526 2562 Partsnorum
1542 2537 1649 2570 primus
1665 2535 1761 2570 episeo-

982 2577 1032 2603 pus
1050 2574 1079 2596 et
1095 2570 1245 2603 apostolus,
1262 2570 1296 2597 de
1311 2571 1372 2597 ﬁdei
1393 2571 1532 2605 mysteriis
1546 2579 1561 2597 a
1578 2571 1661 2598 beato
1682 2571 1760 2597 Paulo

982 2605 1105 2639 edoctus,
1118 2606 1284 2639 baptizatus,
1299 2611 1327 2633 et
1337 2606 1546 2633 Atheniensium
1562 2607 1704 2641 episcopus
1716 2613 1759 2632 or-

982 2640 1103 2673 dinatus,
1122 2648 1183 2667 cuttt
1205 2640 1330 2675 pluribus
1353 2641 1431 2668 annis
1455 2641 1525 2669 lianc
1549 2641 1700 2669 Ecclesium
1718 2642 1758 2668 di-

983 2675 1113 2709 rexisset,
1136 2683 1230 2704 amore
1254 2675 1328 2703 Pauli
1352 2677 1476 2710 magistri
1501 2677 1555 2710 sui,
1576 2684 1659 2711 quem
1676 2676 1760 2704 Roma:

982 2711 1103 2738 vinetum
1127 2717 1282 2745 acceperat,
1306 2712 1410 2739 relictis
1431 2713 1557 2744 Athenis,
1577 2714 1613 2740 ad
1633 2720 1694 2740 eum
1712 2712 1760 2739 iter

982 2745 1058 2773 fecit.
1071 2746 1170 2774 Postea
1190 2754 1255 2774 vero
1270 2756 1285 2773 a
1297 2746 1439 2774 Clemente
1455 2748 1597 2781 potttilice,
1616 2748 1697 2775 sociis
1708 2747 1759 2774 Ru-

981 2782 1052 2809 stico
1065 2784 1235 2817 presbytero,
1253 2782 1411 2809 Eleutherio
1427 2783 1542 2810 diacono
1553 2787 1581 2809 et
1596 2783 1658 2810 aliis
1669 2783 1758 2817 pleris-

981 2824 1047 2853 que,
1060 2819 1086 2844 itt
1102 2817 1206 2844 Gallias
1219 2818 1382 2851 praadicandi
1404 2818 1544 2853 Evangelii
1558 2825 1643 2845 causa
1657 2819 1756 2852 missus,

981 2851 1120 2879 Lutetiam
1145 2854 1309 2889 deveniens,
1336 2861 1398 2880 eum
1422 2854 1458 2880 ibt
1482 2851 1530 2887 per
1552 2861 1640 2882 annos
1662 2853 1759 2889 aliquot

982 2890 1159 2916 commissum
1177 2888 1228 2916 sibi
1244 2895 1312 2924 opus
1336 2889 1455 2916 fideliter
1470 2894 1696 2925 prosequcretur,
1707 2895 1759 2918 tan-
